5226 7298
598 1021 757 1111 mlum
773 1020 906 1110 tltud
918 1021 1269 1139 persnegionem
1290 1016 1821 1137 coniugatacpertinens
1841 1019 2402 1136 spatiumang'ustissimis

596 1179 663 1252 est
690 1161 869 1251 finibus
896 1164 1334 1279 circumscriptum:
1368 1160 1497 1280 quod
1530 1159 1724 1279 quidem
1746 1159 1942 1249 efficitur
1963 1164 2154 1250 nonnisi·
2176 1161 2399 1252 abnomri

594 1306 906 1411 diurnatione,
938 1335 1062 1424 quae
1091 1306 1346 1392 columnae
1375 1301 1653 1391 vertebralis
1677 1317 1860 1420 partem
1891 1302 2152 1393 lumbalem
2198 1307 2322 1395 inter
2352 1321 2399 1397 et

593 1449 774 1568 pelvim
801 1478 1011 1566 superne
1034 1462 1351 1565 patescentem
1380 1443 1640 1535 intercedit.
1681 1441 2008 1565 Quaecunque
2034 1463 2192 1536 autem
2221 1449 2318 1536 bac
2335 1448 2400 1538 'dc

592 1618 646 1676 re
686 1589 915 1680 docemur
949 1605 1167 1678 accurata
1206 1591 1497 1707 singularum
1541 1588 1750 1705 partium
1792 1589 2185 1704 perscrutatione,
2208 1606 2400 1680 ”eorum

591 1757 780 1819 summa
810 1734 885 1820 his
911 1731 1066 1822 verbis
1097 1747 1247 1851 potest
1277 1728 1628 1849 comprehendi.

711 1869 780 1963 Os
814 1904 1001 1963 sacrum
1036 1876 1083 1960 in
1111 1871 1217 1961 'basi
1247 1904 1332 1961 sua
1363 1873 1516 1960 latum
1547 1887 1613 1961 est
1630 1874 1680 1959 3¹⁴
1712 1872 1803 1960 10¹⁴⁴
1831 1874 1903 1962 vel
1927 1872 1990 1977 4⁴¹,
2024 1890 2238 1963 constans
2275 1875 2398 1964 illud

591 2013 786 2130 quidem
818 2046 872 2104 ex
903 2019 1118 2135 quinque
1144 2013 1372 2102 vertebris
1395 2016 1580 2131 spuriis.
1609 2015 1723 2104 Eius
1741 2016 1829 2104 tela
1863 2045 2001 2122 ossea,
2024 2019 2179 2137 qualis
2204 2033 2400 2137 apparet

587 2172 694 2273 post
712 2160 979 2248 scissionem
1004 2161 1148 2246 totius
1168 2161 1415 2246 columnae
1443 2155 1768 2246 vertebrarum
1791 2161 2188 2279 symphyseosque
2221 2163 2397 2250 ossium

586 2298 729 2416 pubis
759 2301 1019 2391 seeundum
1058 2317 1205 2390 rectas
1237 2301 1492 2390 diametros
1520 2302 1709 2406 factam,
1737 2303 1784 2388 in
1819 2303 1948 2390 nulla
1979 2333 2032 2390 re
2061 2306 2276 2420 graviore
2310 2302 2399 2391 dis·

586 2448 725 2534 sentit
757 2479 784 2535 a
828 2448 1053 2535 consolita
1096 2444 1381 2534 substantiae
1407 2471 1560 2532 osseae
1598 2445 1797 2531 ratione:
1841 2446 1930 2530 nisi
1964 2443 2094 2562 quod
2129 2459 2269 2563 queat
2305 2447 2398 2536 'for-

584 2600 701 2678 tasse
759 2588 877 2692 dici,
951 2591 1166 2708 paullulo
1221 2619 1314 2677 esse
1373 2588 1498 2674 hanc
1547 2585 1811 2674 densiorem
1868 2615 2016 2706 quam
2045 2573 2184 2674 'alius
2244 2591 2396 2679 cuius-

585 2727 695 2817 dam
738 2732 905 2849 pelvis,
947 2761 1094 2849 quam
1135 2762 1262 2818 nunc
1302 2731 1351 2816 in
1386 2740 1614 2845 promptu
1654 2724 1888 2816 habemus
1927 2729 2039 2816 item
2081 2759 2208 2817 serra
2246 2760 2394 2846 perse-

584 2885 729 2978 etam,
761 2905 847 2964 nec
878 2891 1033 2963 tamen
1062 2875 1161 2963 ullo
1192 2875 1310 2961 vitio
1342 2869 1566 2961 affectam.
1626 2871 1846 2959 Attamen
1885 2873 2081 2960 omnino
2112 2887 2293 2960 certum
2338 2875 2396 2961 de

583 3012 765 3111 maiore
800 3016 893 3105 hac
933 3015 1158 3103 densitate
1189 3012 1423 3102 iudicium
1454 3013 1605 3103 facere
1647 3042 1743 3103 non
1778 3015 1897 3104 licet.
1962 3012 2202 3126 Quattuor
2233 3031 2394 3107 autem
2444 3058 2449 3064 ·

583 3185 706 3275 quae
733 3157 903 3248 adsunt
931 3160 1065 3278 paria
1093 3158 1383 3245 foraminum
1409 3158 1660 3246 sacralium
1685 3159 1809 3245 iusto
1842 3156 2107 3247 ininuscula
2146 3174 2266 3263 sunt,
2305 3189 2395 3252 uec

580 3313 738 3393 tamen
788 3304 959 3393 distant
1003 3307 1125 3393 inter
1167 3332 1215 3393 se
1253 3303 1437 3391 minore
1483 3298 1767 3387 discrimine.
1836 3296 1925 3389 Sed
1958 3297 2172 3386 vertebra
2213 3300 2395 3390 lumba-

582 3443 640 3533 lis
677 3450 873 3566 quinta,
920 3446 978 3535 de
1013 3476 1180 3565 magna
1220 3446 1301 3533 illa
1339 3440 1590 3561 superficie
1621 3442 1871 3530 articulari
1916 3439 2080 3530 baseos
2123 3447 2236 3532 ossis
2272 3446 2392 3533 sauri

579 3588 698 3683 adeo
730 3589 916 3709 delapsa
955 3604 1118 3695 estut
1158 3589 1370 3707 corporis
1407 3584 1680 3677 vertebralis
1721 3587 1860 3675 facies
1898 3586 2094 3674 inferior
2133 3589 2391 3675 maximam

578 3745 763 3849 partem
807 3731 1055 3823 recumbat
1096 3733 1144 3817 in
1183 3731 1377 3849 planitie
1414 3731 1647 3821 anteriore
1689 3727 1930 3818 vertebrae
1970 3731 2159 3819 sacralis
2196 3732 2390 3848 primae,

578 3873 646 3961 ita
683 3875 903 3993 quidem,
935 3891 989 3962 ut
1015 3873 1191 3961 ‘eadem
1217 3876 1298 3961 illa
1326 3873 1474 3975 facies,
1505 3871 1601 3960 fere
1638 3872 1728 3957 tim
1772 3872 1889 3974 alta,
1928 3901 2076 3988 prope
2114 3873 2204 3959 10⁴¹⁴
2241 3876 2393 3990 spatio

579 4014 764 4104 obtecta
801 4019 872 4105 sit.
940 4015 1073 4128 Quae
1127 4015 1321 4135 quidem
1365 4016 1486 4102 ratio
1526 4019 1574 4100 iu
1630 4014 1784 4102 media
1821 4017 1969 4132 pelvis
2010 4029 2143 4133 parte
2190 4017 2389 4122 sinistra,

579 4189 726 4278 quam
757 4159 1035 4247 imitandam
1079 4159 1363 4262 curarimus
1397 4156 1697 4273 conspicitur
1738 4154 2001 4244 distinctius
2034 4188 2179 4275 quam
2212 4160 2260 4243 in
2288 4157 2392 4244 dex·

575 4316 662 4407 tra,
701 4304 835 4390 cuius
866 4303 982 4390 haec
1021 4303 1282 4419 proprietas
1320 4314 1396 4404 est,
1429 4314 1481 4387 ut
1513 4328 1675 4417 margo
1712 4303 1986 4419 prominens
2017 4298 2281 4417 superficiei
2319 4329 2390 4387 ar·

576 4446 789 4534 ticularis
831 4448 942 4532 ossis
973 4447 1113 4547 sacri,
1156 4445 1183 4527 i.
1216 4475 1250 4530 e.
1294 4444 1415 4529 linea
1454 4445 1726 4559 prominens
1766 4438 2109 4543 Osianderi,
2150 4472 2272 4561 quae
2312 4472 2390 4530 vo-

579 4603 725 4693 catur,
759 4591 806 4674 in
838 4603 1041 4675 extrema
1073 4615 1155 4674 sua
1188 4599 1321 4703 parte
1344 4581 1512 4711 ¹dextra
1545 4587 1592 4672 in
1623 4584 1803 4675 tuberis
1840 4586 2039 4704 speciem
2063 4602 2283 4703 protrusa
2317 4588 2388 4694 sit,

574 4743 822 4847 tamquam
864 4728 1049 4844 delapsa
1083 4725 1295 4814 vertebra
1322 4724 1550 4815 lumbalis
1578 4729 1905 4847 angustissimo
1935 4729 2028 4815 hoc
2069 4728 2175 4816 loco
2208 4730 2390 4816 mollio-

578 4903 681 4960 rem
708 4872 916 4989 aliquam
951 4869 1257 4958 substantiam
1293 4899 1467 4957 osseam
1491 4868 1737 4960 offenderit
1766 4871 2057 4992 eandemque
2080 4873 2384 4988 promoverit.

579 5009 814 5131 Cartilago
834 5044 956 5120 vero,
975 5043 1097 5131 quae
1119 5014 1241 5100 inter
1267 5040 1318 5099 os
1331 5041 1518 5100 sacrum
1540 5031 1583 5102 et
1602 5013 1867 5104 vertebram
1885 5014 2144 5104 lumbalem
2168 5016 2386 5133 quintam

579 5154 797 5241 interesse
827 5156 954 5255 solet,
981 5151 1274 5258 solidissima,
1299 5180 1497 5269 -prorsus
1526 5158 1737 5262 evanuit,
1772 5157 1916 5245 modo
1949 5159 2204 5245 minimum
2237 5155 2387 5276 quod-

579 5296 691 5383 dam
723 5310 933 5413 spectans
961 5297 1017 5383 ad
1042 5296 1243 5382 anticam
1270 5312 1451 5413 partem
1484 5302 1801 5421 fragmentum
1822 5302 2071 5418 exceperis,
2099 5301 2147 5386 in
2171 5330 2267 5420 qua
2290 5328 2387 5386 car-

575 5439 783 5556 tilaginis
807 5438 1004 5526 huiusce
1033 5466 1269 5526 sunrmam
1302 5470 1489 5559 semper
1518 5443 1874 5535 crassitudinem
1897 5472 1991 5534 esse
2012 5445 2210 5551 scirnus3
2240 5438 2387 5530 simul
