5632 7112
1427 999 1461 1086 ἱ

655 1197 742 1288 Sed
777 1231 919 1321 qoem
952 1201 1009 1290 ad
1041 1201 1242 1289 modum
1281 1201 1559 1321 necopinata
1590 1226 1700 1289 raro
1728 1197 1948 1286 accidunt
1974 1204 2077 1288 sine
2103 1206 2334 1296 similium

530 1367 697 1431 return
725 1359 971 1465 tamquam
1001 1347 1238 1446 eternitate,
1266 1345 1330 1432 ita
1362 1345 1483 1433 milri
1520 1373 1714 1464 quoque
1744 1342 1909 1448 evenit,
1949 1356 2003 1428 ut
2030 1345 2193 1458 paullo
2223 1363 2333 1464 post

527 1497 682 1606 ‘quam
720 1486 899 1576 librnrn
930 1490 1068 1575 illum
1107 1489 1206 1605 legi,
1238 1515 1323 1604 per
1354 1485 1404 1573 E.
1429 1487 1833 1590 Lehmannum,
1865 1483 2105 1572 electorem
2137 1486 2333 1576 clarieei»

527 1657 668 1718 mum
705 1631 872 1719 medici
912 1630 1163 1718 assistentis
1195 1657 1392 1717 munere
1424 1632 1591 1721 eximie
1623 1629 1750 1749 apud
1787 1658 1863 1715 me
1898 1629 2128 1731 functum,
2162 1630 2333 1718 certior

528 1771 718 1876 fierent,
748 1775 925 1890 pelvim
958 1796 1152 1888 prorsus
1189 1765 1352 1857 eodem
1385 1773 1528 1860 modo
1567 1789 1886 1890 comparatam
1919 1771 2148 1862 adservari
2182 1775 2229 1860 in
2265 1774 2335 1860 in·

527 1918 694 2003 stituto
733 1913 1001 2003 obstetricio
1030 1908 1420 2004 Paderbornensi.
1487 1913 1628 2028 Quod
1672 1917 1754 2006 uhi
1797 1919 2008 2035 primum
2051 1914 2237 2022 audivi,
2270 1948 2332 2008 tre

528 2061 710 2144 tantilla
747 2057 941 2177 quidem
978 2083 1115 2141 mora
1147 2057 1442 2176 interposita,
1474 2062 1648 2147 litteras
1688 2057 1795 2148 dedi
1827 2059 1886 2145 ad
1918 2059 2327 2164 Everkeninm,

527 2197 771 2289 doctorem
804 2205 1131 2308 clarissimum,
1165 2235 1322 2293 meum
1354 2205 1466 2291 olim
1501 2203 1787 2320 discipulum
1817 2205 2068 2319 egregium,
2093 2204 2322 2319 insignem

526 2371 654 2431 nunc
687 2346 886 2433 instituti
926 2348 1054 2435 illius
1091 2349 1449 2436 moderatorem.
1510 2353 1548 2432 Α
1581 2375 1680 2462 quo
1712 2345 1850 2462 petii,
1892 2358 1943 2430 nt
1983 2346 2326 2468 pelvim‚gquac

526 2509 714 2574 omnem
743 2491 889 2575 animi
922 2492 1011 2579 mei
1046 2493 1345 2579 attentionem
1383 2492 1432 2576 in
1465 2519 1511 2578 se
1538 2491 1756 2592 vertisset,
1785 2486 1996 2575 Bonnam
2031 2489 2233 2576 mitteret
2261 2489 2322 2576 ad

522 2631 911 2749 perquirendum,
943 2647 998 2738 et,
1038 2637 1126 2721 nisi
1156 2637 1255 2752 ipse
1284 2635 1452 2735 mallet,
1487 2633 1607 2718 milri
1627 2630 1908 2733 concederet,
1941 2644 1991 2717 ut
2021 2658 2227 2748 eaquae
2257 2659 2321 2718 cs

522 2799 617 2859 scm
643 2775 1159 2894 investigaturnssimul
1177 2806 1286 2866 cum
1320 2776 1493 2865 tabulis
1524 2776 1779 2892 singulares
1803 2774 2081 2892 easdemque
2114 2777 2316 2862 maxime

522 2915 750 3004 notabiles
780 2919 928 3035 pelvis
956 2936 1112 3038 partes
1141 2913 1595 3040 repraesentantibus
1628 2919 1907 3036 evulgarem.
1965 2913 2026 3002 Et
2064 2917 2196 3005 facile
2215 2920 2319 3036 qui·

520 3056 641 3164 dem,
675 3089 797 3177 quae
828 3091 1117 3180 rogaveram,
1154 3066 1404 3182 impetravi
1445 3091 1472 3148 a
1508 3064 1614 3149 viro
1652 3061 1734 3147 illo
1766 3061 1860 3146 rari
1896 3057 2093 3173 exempli
2118 3055 2319 3146 liberali·

517 3214 610 3290 tate
639 3204 830 3321 insigni;
875 3235 1023 3324 quare
1059 3239 1152 3297 non
1191 3237 1381 3324 possum
1421 3207 1536 3325 quin
1578 3217 1622 3291 et
1664 3232 1768 3290 meo
1799 3206 1947 3320 ipsius
1988 3217 2031 3289 et
2070 3204 2316 3289 communi

517 3347 629 3432 artis
664 3361 847 3435 nostrae
879 3351 1072 3436 nomine
1101 3349 1410 3466 publicashic
1439 3350 1506 3434 illi
1539 3349 1708 3462 gratias
1735 3374 1882 3464 agam.
1918 3401 1970 3415 -
1993 3343 2168 3432 Eodem
2186 3359 2315 3432 tem-

515 3515 642 3604 pore,
675 3518 859 3576 summa
892 3517 988 3608 qua
1018 3491 1089 3576 uti
1123 3492 1240 3578 solet
1270 3521 1379 3609 erga
1402 3492 1597 3608 collegas
1627 3517 1734 3578 suos
1765 3489 2047 3606 benignitate
2080 3502 2124 3575 et
2149 3489 2311 3576 animo

513 3634 882 3749 promptissimo,
897 3628 1145 3720 Scanzon
1160 3637 1173 3719 i
1188 3663 1263 3739 us,
1288 3636 1522 3753 professor
1551 3633 1894 3723 illustrissimus
1911 3629 2311 3748 Vircelrurgensis

512 3799 590 3860 me
623 3773 815 3878 adiuvit,
841 3788 895 3859 ut
924 3775 972 3859 in
1007 3803 1173 3862 manus
1198 3805 1324 3864 meas
1356 3778 1533 3864 veniret
1552 3776 1712 3865 eadem
1745 3777 1825 3862 illa
1853 3777 2014 3892 pelvis,
2037 3776 2171 3862 cuius
2195 3774 2310 3861 olim

511 3917 797 4004 mentionem
824 3917 990 4003 fecerat
1011 3916 1375 4021 Kiwischius,
1398 3933 1583 4007 tantum
1615 3922 1655 4007 ei
1682 3915 1990 4006 tribuendum
2020 3947 2117 4004 esse
2139 3914 2199 4003 ad
2227 3916 2311 4003 do-

511 4061 688 4146 ctrinae
707 4074 892 4147 nostrae
918 4061 1293 4148 emolumentum
1321 4061 1575 4150 arbitratus
1594 4064 1861 4152 rectissime.
1898 4061 1964 4148 Ea
1987 4075 2144 4150 autem
2163 4074 2307 4147 trans-

511 4204 794 4320 migraverat
820 4205 866 4288 in
894 4201 1534 4319 possessionemBernardi
1566 4197 1850 4315 Seiferti*)
1888 4205 2158 4320 professoris
2192 4205 2305 4290 olim

508 4347 660 4462 snppl.
717 4343 979 4462 Pragensis‚
1005 4347 1089 4465 qui
1122 4351 1287 4466 quanti
1319 4348 1633 4438 aestimandus
1670 4350 1747 4450 sit,
1784 4375 1875 4433 non
1901 4347 1991 4432 levi
2021 4345 2305 4433 documento

507 4488 601 4576 hoc
635 4503 720 4592 est,
756 4488 883 4608 quod
928 4489 1049 4575 mihi
1088 4490 1282 4578 eandem
1332 4491 1594 4579 doctrinam
1638 4521 1797 4578 secum
1835 4487 2070 4608 profitenti
2110 4518 2301 4607 praepa-

506 4634 593 4719 rati
634 4632 762 4719 illius
805 4662 944 4719 usum
985 4629 1365 4721 liberalissimum
1405 4633 1638 4721 concessit.
1699 4626 2003 4748 Quapropter
2040 4633 2118 4717 vix
2153 4630 2300 4717 ullam

504 4776 763 4894 gratiarum
795 4790 975 4891 partem
1008 4776 1274 4891 persolvero
1310 4777 1502 4895 utrique
1529 4773 1727 4892 collegae
1758 4776 1903 4860 animi
1936 4776 2027 4861 mei
2058 4771 2301 4861 observan-

502 4920 619 5005 tiam
641 4917 862 5003 hocloco
886 4912 1168 5003 testificatus.
1208 4915 1268 5004 Et
1288 4949 1415 5006 nunc
1442 4918 1641 5036 quidem
1658 4915 1865 5004 duarum
1892 4915 2066 5002 harum
2084 4915 2295 5030 pelvium

502 5060 828 5180 prorsusinter
846 5089 893 5146 se
915 5056 976 5144 ad
995 5060 1377 5149 conformationis
1394 5063 1594 5179 speciem
1612 5057 2012 5158 concordantium,
2030 5085 2147 5174 quas
2165 5056 2296 5144 domi

502 5234 633 5292 meae
666 5197 899 5321 quamdiu
932 5195 1164 5286 suffecerit
1195 5199 1441 5291 adservare
1476 5205 1606 5309 licet,
1638 5214 1905 5289 accuratam
1936 5198 2295 5317 descriptionem

564 5465 602 5537 a)
625 5458 753 5540 Egregli
774 5457 863 5518 huius
886 5455 1022 5517 auctoris
1044 5471 1156 5517 nomen
1178 5456 1210 5518 in
1226 5457 1298 5519 anni
1321 5456 1398 5522 1853
1420 5459 1567 5537 particula
1588 5461 1676 5522 tertia
1693 5461 1839 5522 librorum
1861 5461 1910 5539 qui
1932 5459 2139 5521 inscribuntur
2158 5458 2298 5521 ‘Wiener

627 5563 735 5626 media.
753 5560 1012 5623 Wochcnsohrtft’
1035 5562 1179 5640 scriptum
1203 5563 1326 5626 invenio
1349 5566 1503 5646 geminata
1526 5567 1658 5651 flittcra
1678 5569 1707 5629 h.
1731 5588 1758 5630 e.
1781 5566 1912 5645 scilian,
1938 5571 1968 5629 tn
1991 5567 2117 5648 reliquls
2139 5568 2203 5631 fere
2225 5587 2295 5632 om-

627 5671 715 5734 nibus
736 5687 793 5750 per
814 5669 983 5749 simplicem
1006 5669 1022 5731 f
1042 5677 1272 5733 consonantem.
1318 5673 1420 5748 Quare
1442 5691 1500 5737 nos
1524 5673 1604 5737 hanc
1625 5675 1781 5737 scribendi
1803 5675 1951 5736 rationem
1974 5675 2061 5754 sequi
2082 5673 2250 5738 maluimus.
