5632 7112
1380 923 1417 1006 5

495 1152 635 1213 nemo
682 1122 795 1227 fuit,
846 1124 930 1242 qui
982 1123 1276 1230 concederet,
1327 1125 1530 1242 conspici
1583 1126 1664 1214 hic
1723 1153 1897 1214 novum
1945 1160 2137 1245 prorsus
2195 1171 2297 1248 nec·‚

494 1265 609 1354 dum
644 1267 886 1384 cognitum
930 1269 1226 1356 formationis
1263 1299 1430 1386 genus,
1476 1270 1610 1356 cuius
1659 1267 1852 1387 quidem
1892 1271 1990 1358 sine
2032 1273 2179 1365 dubio
2226 1297 2296 1369 tot

497 1411 706 1527 exempla
744 1413 848 1526 ipso
891 1413 1162 1528 temporum
1205 1410 1404 1500 decursu
1444 1425 1588 1500 essent
1625 1440 1719 1499 sese
1758 1411 1997 1520 oblatura,
2035 1432 2087 1502 ut
2117 1418 2293 1510 horum

497 1556 714 1641 omnium
746 1555 866 1642 facta
899 1556 1250 1671 comparatione
1279 1584 1399 1643 nova
1432 1568 1583 1671 posset
1609 1550 1794 1641 definiri
1824 1558 2009 1672 species.
2060 1564 2218 1681 Atque
2244 1596 2297 1654 re

497 1726 607 1784 vera
650 1696 780 1784 aliud
820 1697 949 1815 quod
991 1725 1101 1784 mox
1146 1697 1413 1812 evulgatum
1461 1712 1526 1784 est
1563 1698 1797 1813 specimen
1842 1702 2162 1817 exemplorum
2213 1739 2296 1794 nn-

496 1869 630 1928 mero
679 1841 880 1928 accessit.
950 1838 1134 1927 Etenim
1177 1869 1301 1927 anno
1340 1841 1437 1927 iam
1477 1869 1775 1938 crotocccxnu,
1816 1842 2040 1933 referente
2087 1848 2300 1939 Kirch-

496 1983 722 2071 hofsero
767 1983 816 2069 in
856 1984 989 2070 novis
1023 1981 1275 2070 'annalibus
1312 1986 1424 2070 artis
1459 1977 1822 2095 obstetriciae*),
1860 1988 2008 2101 pelvis
2047 1992 2287 2084 simillime

498 2124 789 2241 configurata
848 2127 896 2212 in
955 2127 1171 2214 virorum
1228 2124 1477 2213 doctorum
1532 2127 1844 2242 cognitionem
1900 2135 2124 2244 pervenit.
2204 2132 2292 2224 Cui

497 2269 606 2356 dein
643 2297 689 2356 se
734 2268 947 2356 adiunxit
975 2271 1167 2357 tertium
1216 2270 1494 2385 exemplum,
1529 2267 1660 2388 quod
1703 2271 1750 2355 in
1787 2276 2120 2386 possessionem
2151 2290 2295 2368 trans

496 2413 552 2498 iit
581 2409 633 2498 P.
665 2409 941 2500 Duboisii
971 2408 1194 2516 Parisini,
1230 2410 1375 2530 idque
1406 2440 1460 2498 eo
1491 2413 1684 2499 maioris
1715 2414 1955 2518 momenti,
1989 2417 2139 2534 quod,
2178 2443 2296 2539 quo·

498 2553 643 2642 modo
664 2569 760 2640 tam
781 2557 1064 2673 singularem
1091 2555 1293 2641 formam
1317 2550 1535 2660 induerit,
1567 2586 1620 2642 ex
1635 2556 1873 2642 anamnesi
1904 2570 2053 2672 potest
2068 2568 2295 2680 cognosci.

496 2696 600 2786 Hac
637 2701 762 2786 enim
802 2698 1054 2803 docemur,
1095 2700 1291 2787 iuvenili
1327 2713 1472 2786 aetate
1512 2698 1687 2815 pelvim
1727 2697 1852 2785 hanc
1889 2699 2092 2787 violento
2129 2705 2293 2825 aliquo

496 2842 680 2960 impetu
713 2844 907 2929 fractam
941 2872 1046 2929 esse.
1109 2838 1254 2931 Cuius
1285 2840 1479 2961 quidem
1512 2869 1644 2928 casus
1669 2870 1773 2958 spes
1805 2856 1871 2928 est
1906 2841 2005 2931 fore
2035 2841 2159 2933 utF.
2185 2846 2296 2937 Ro-

499 2984 701 3073 bertus
731 2983 863 3072 brevi
897 2986 1133 3102 copiosam
1162 2984 1534 3100 descriptionem,
1563 2982 1753 3072 adiectis
1779 2983 1950 3072 tabulis
1980 2987 2294 3108 lithographis

499 3126 746 3244 diligenter
783 3125 1118 3247 observateque
1148 3125 1412 3233 elaboratis,
1454 3125 1632 3245 publici
1665 3130 1783 3215 iuris
1821 3129 1971 3215 faciat.
2032 3125 2144 3218 Post
2174 3134 2295 3222 illud

500 3284 657 3358 autem
703 3285 889 3387 tempus
931 3286 1201 3389 quartum
1243 3272 1508 3387 exemplum
1545 3269 1694 3387 pelvis
1725 3273 1771 3355 in
1811 3284 2128 3359 transversum
2169 3305 2294 3365 coar-

500 3427 647 3502 ctatae
687 3414 904 3518 innotuit,
945 3413 1073 3531 quod
1106 3414 1299 3533 quidem
1334 3411 1546 3502 adservat
1579 3414 1627 3499 in
1667 3441 1752 3500 suo
1785 3415 1951 3500 talium
1993 3447 2154 3503 rerum
2195 3422 2293 3509 the-

500 3586 640 3644 sauro
666 3553 954 3675 Guy-aine
994 3555 1257 3664 Parisinus,
1288 3557 1444 3677 quode
1477 3558 1761 3646 mentionem
1795 3558 1901 3644 fecit
1939 3559 2294 3654 Kivvischius.

499 3697 746 3788 Praeterea
784 3700 841 3787 de
878 3715 1041 3818 partus
1071 3700 1316 3787 cuiusdam
1349 3716 1528 3802 eventu,
1570 3715 1763 3818 propter
1793 3699 2002 3788 eiusdem
2036 3700 2164 3789 modi
2202 3710 2298 3824 pel-

499 3847 594 3932 vim
632 3844 766 3933 valde
797 3842 1108 3946 memorabili,
1132 3844 1447 3961 copiosissime
1478 3873 1632 3960 nuper
1654 3846 1864 3961 exposuit
1892 3840 2160 3935 Bernardus
2192 3846 2300 3939 Sei-

497 3989 689 4076 fertus
714 3989 796 4076 Dr.
829 3989 1113 4077 clarissimus
1129 3979 1201 4095 *⁴).

597 4130 798 4221 Duobus
823 4132 952 4220 hisce
985 4133 1186 4219 inventis
1212 4130 1333 4220 mihi
1364 4131 1551 4217 animus
1582 4144 1658 4234 est,
1689 4130 1779 4217 hac
1805 4128 1912 4217 data
1943 4136 2295 4248 opportunitate

499 4274 777 4381 academica,
811 4290 1054 4363 annectere
1086 4276 1279 4362 tertium
1311 4274 1507 4391 propria
1543 4302 1627 4360 sua
1657 4273 1706 4357 vi
1735 4301 1790 4358 ac
1819 4289 2058 4362 momento
2087 4278 2179 4365 illis
2210 4309 2294 4367 nec

498 4416 879 4537 posthabendum
916 4434 960 4506 et
992 4419 1059 4507 rei
1091 4418 1382 4504 anatomicae
1413 4417 1621 4533 artisque
1657 4412 1948 4504 obstetriciae
1974 4431 2153 4529 ἐμπείροις
2182 4435 2291 4510 cunt

497 4592 670 4654 novam
686 4579 790 4652 tum
812 4563 1135 4681 gravissimam
1157 4561 1307 4680 pelvis
1330 4559 1675 4648 deformitatem
1691 4572 1798 4650 ante
1819 4560 1977 4647 oculos
2008 4562 2293 4674 positurum.

614 4709 703 4797 Die
741 4722 839 4797 erat
868 4709 1067 4826 septimo
1101 4705 1199 4792 Kal.
1230 4699 1423 4792 Octobr.
1451 4705 1563 4791 anni
1594 4729 1928 4802 crorocccxxxvr,
1952 4732 2060 4790 cum
2098 4705 2146 4789 in
2181 4705 2297 4792 Ma-

492 4854 793 4942 ternitatis
837 4848 1237 4938 Bruxellensis
1281 4849 1445 4966 aliquo
1488 4834 1710 4934 cubiculo
1756 4839 1899 4931 incidi
1949 4845 1996 4930 in
2045 4847 2288 4952 scrinium,

417 5086 444 5116 ὁ
498 4995 629 5116 quod
669 5009 714 5083 et
753 4996 1063 5082 instrumenta
1104 5006 1147 5080 et
1185 4992 1340 5080 sceleti
1385 4991 1656 5078 columnam
1703 4985 2011 5076 vertebralem
2057 5019 2167 5077 cum
2207 5019 2291 5077 sua

496 5140 621 5258 pelvi
663 5152 768 5225 tum
808 5134 1088 5226 continebat.
1149 5131 1358 5224 Fuerant
1400 5134 1600 5220 feminae
1641 5129 1886 5219 cuiusdam
1928 5159 2048 5238 ossa,
2097 5134 2144 5218 in
2184 5164 2291 5253 qua,

560 5499 597 5574 s)
621 5493 667 5556 Cf.
688 5493 772 5555 Neue
796 5491 974 5554 Zoitschrilt
993 5491 1014 5553 Ι.
1038 5490 1201 5553 Gebnrtsk.
1224 5490 1275 5553 Nr.
1299 5488 1379 5552 ΧΙΧ.
1402 5489 1473 5551 tten
1489 5490 1517 5550 9.
1542 5506 1570 5568 p.
1591 5487 1652 5551 305
1667 5505 1733 5568 sqq.

541 5607 600 5682 “J
623 5603 669 5667 cf.
694 5601 950 5685 Verbandlungen
973 5601 1029 5664 der
1050 5600 1136 5682 phys.
1161 5598 1241 5663 rned.
1266 5597 1469 5662 Gesellschnlt
1490 5600 1521 5660 in
1544 5599 1727 5680 wirzburg,
1752 5597 1836 5660 Band
1850 5597 1900 5676 ΙΙΙ,
1924 5595 1993 5659 Helt
2005 5595 2033 5658 3.
2057 5613 2085 5674 p.
2099 5593 2159 5658 340
2171 5612 2243 5677 sqq.
