5226 7298
532 1021 726 1110 duceret
754 1020 1019 1109 utilitatem.
1053 1016 1218 1108 Solum
1240 1019 1334 1108 hoc
1366 1034 1434 1108 sat
1463 1037 1590 1111 certo
1626 1025 1783 1140 potuit
1808 1022 2038 1142 dignosci,
2068 1027 2340 1121 distantiam

534 1166 747 1283 corporis
784 1160 1025 1251 vertebrae
1065 1162 1289 1251 lumbalis
1322 1164 1433 1270 eius,
1467 1193 1588 1282 quae
1625 1168 1842 1256 omnium
1868 1171 2071 1259 maxime
2100 1173 2149 1259 in
2182 1174 2337 1290 ipsam

535 1310 712 1428 pelvim
741 1308 1022 1411 immineret,
1055 1304 1115 1393 ad
1147 1336 1390 1394 summum
1423 1337 1517 1396 esse
1548 1308 1612 1395 Ψ.

666 1446 898 1556 Celerum,
933 1481 1081 1538 manu
1107 1451 1156 1536 in
1185 1453 1402 1568 vaginam
1434 1448 1639 1556 inducta,
1670 1454 1891 1570 quamvis
1921 1484 2109 1544 summa
2133 1459 2340 1576 explora·

532 1595 674 1682 tionis
703 1592 942 1713 diligentia
980 1587 1194 1680 adhibita
1232 1594 1310 1699 sit,
1350 1593 1506 1681 nullae
1547 1608 1703 1682 tamen
1742 1596 1862 1684 fetus
1901 1613 2056 1714 partes
2093 1603 2337 1693 manifesto

533 1749 790 1855 potuerunt
813 1736 1103 1853 persentisci3
1134 1765 1192 1821 ne
1211 1731 1448 1823 orificium
1477 1735 1671 1855 quidem
1689 1738 1810 1826 uteri
1837 1753 2032 1855 propter
2047 1744 2338 1835 rarissimam

534 1880 666 1966 illam
686 1879 831 1967 totius
858 1880 980 1966 uteri
1004 1878 1363 1995 propensionem
1388 1877 1666 1966 sufficienter
1693 1878 1766 1966 vel
1789 1881 1975 1996 agnosci
1995 1883 2152 1998 potuit
2169 1885 2242 1971 vel
2265 1884 2341 1975 de·

534 2018 675 2109 finiri.
737 2018 976 2134 Quoniam
1009 2048 1121 2108 vero
1158 2019 1450 2138 graviditatis
1484 2036 1671 2139 tempus
1701 2022 1963 2137 legitimum
2005 2022 2144 2140 plane
2177 2025 2339 2143 imple·

534 2181 636 2253 tum
670 2167 780 2270 fuit,
819 2195 902 2253 nec
941 2166 1039 2252 ulla
1070 2162 1127 2252 de
1167 2165 1286 2252 felus
1327 2165 1423 2252 vita
1459 2162 1694 2251 dubitatio
1735 2165 1924 2283 restitit,
1964 2165 2105 2252 simul
2139 2158 2338 2275 {summa

533 2309 685 2398 adfuit
734 2310 881 2427 pelvis
919 2311 1195 2398 coarctatio:
1245 2339 1331 2426 per
1370 2307 1543 2396 harum
1580 2337 1739 2395 rerum
1779 2308 1993 2396 omnium
2035 2310 2337 2401 coniunctam

518 2456 632 2540 ¹vim
672 2454 856 2541 iteratio
897 2455 1111 2542 sectionis
1151 2482 1386 2541 caesareae
1427 2481 1520 2538 non
1561 2448 1881 2539 commendari
1929 2464 2128 2557 tantum,
2170 2484 2338 2543 verum

532 2597 731 2717 flagitari
764 2598 862 2685 visa
894 2612 971 2685 est.

662 2738 752 2828 Die
789 2741 933 2858 igitur
973 2737 1206 2829 vicesimo'
1231 2741 1399 2859 quinto
1435 2736 1711 2828 Decembris
1746 2737 1857 2825 anni
1901 2745 2013 2825 1850
2052 2738 2195 2855 primi
2228 2740 2340 2829 inci·

533 2885 705 2974 derunt
737 2883 932 2989 dolores,
969 2884 1102 2972 horis
1132 2883 1327 3003 quidem
1359 2882 1613 2970 matutinis.
1671 2876 1899 2969 Nondum
1946 2894 2060 2969 tunc
2097 2880 2336 2973 orificium

534 3027 654 3116 uteri
699 3027 852 3145 potuit
886 3028 1110 3134 inveniri,
1153 3056 1237 3115 nec
1263 3026 1411 3144 magis
1441 3026 1576 3113 licuit
1608 3054 1693 3142 per
1718 3024 1914 3142 laquear
1950 3024 2142 3138 vaginae
2175 3055 2340 3142 quam·

532 3167 648 3257 libet
680 3170 795 3259 fetus
821 3184 1002 3289 partem
1034 3168 1266 3286 tangendo
1297 3167 1657 3287 deprehendere.
1716 3165 1847 3255 Hora
1881 3181 2037 3255 autem
2071 3181 2195 3255 sexta
2227 3199 2338 3258 cum

532 3313 692 3428 ingens
733 3327 846 3401 esset
890 3310 1111 3402 dolorum
1157 3314 1385 3433 impetus,
1431 3340 1582 3429 eoque
1619 3322 1810 3398 ventum
1855 3340 1950 3398 csse
1981 3309 2245 3415 videretur,
2285 3326 2339 3401 ut

532 3452 664 3544 brevi
713 3454 1017 3545 membranae
1065 3459 1143 3545 ovi
1194 3455 1582 3573 dirumperentur
1629 3455 1872 3572 amniique
1916 3454 2125 3573 liquores
2169 3452 2338 3542 define-

533 3613 647 3702 rent,
667 3598 1041 3708 Everkenius,
1074 3603 1255 3693 etiamsi
1280 3597 1606 3688 confirmatam
1639 3599 1956 3716 exploratione
1988 3598 2336 3715 persuasionem

532 3744 776 3860 positionis
803 3744 951 3833 letalis
989 3746 1229 3863 pelvisque
1265 3772 1401 3832 verae
1432 3739 1816 3858 configurationis
1849 3768 1941 3827 non
1974 3738 2196 3847 haberet,
2228 3769 2340 3828 mox

532 3884 590 3974 ad
623 3885 1010 4003 praemeditatam
1039 3889 1358 4005 operationem
1386 3884 1570 4005 aggredi
1603 3913 1762 3972 secum
1796 3885 2048 3972 constituit.
2092 3880 2341 4001 Quaprop

533 4042 604 4115 ter
636 4026 1018 4142 Gerlachius,
1047 4033 1096 4118 in
1127 4032 1229 4150 ipsa
1268 4031 1380 4118 artis
1416 4027 1710 4117 obstetricias
1748 4043 1881 4144 parte
1914 4028 2153 4145 operativa
2191 4056 2341 4117 versa·

533 4173 750 4275 tissimus,
782 4172 1134 4279 etWeverus,
1171 4176 1310 4262 nimis
1340 4188 1593 4292 properato
1627 4173 1721 4259 fato
1752 4201 1862 4258 cum
1897 4170 2139 4258 universae
2170 4168 2341 4258 doctri·
2396 4281 2400 4289 .

464 4346 467 4351 ·
534 4343 618 4401 nae
655 4312 875 4421 medicae,
900 4329 1004 4402 tum
1031 4330 1215 4405 nostrae
1244 4315 1518 4434 disciplinae
1539 4313 1802 4433 subreptus,
1833 4312 2046 4404 doctores
2078 4314 2338 4420 clarissimi,

532 4458 688 4545 statim
717 4459 866 4573 rogati
896 4472 1018 4563 sunt,
1054 4472 1107 4544 ut
1137 4460 1447 4546 assistentium
1483 4457 1777 4546 medicorum
1798 4487 1996 4544 munere
2022 4457 2338 4572 fungerentur.

532 4594 783 4687 Evacuatis
812 4601 957 4716 igitur
992 4603 1210 4690 intestino
1247 4617 1374 4690 recto
1407 4616 1449 4691 et
1481 4603 1632 4690 vesica
1671 4601 1892 4704 urinaria,
1930 4596 2123 4716 gravida
2157 4598 2340 4687 chloro

532 4739 674 4827 formi
718 4771 802 4831 usu
836 4745 882 4829 iu
923 4758 1182 4841 άναισὲησίαν
1220 4745 1398 4834 incidit.
1458 4744 1571 4836 Sine
1610 4772 1745 4834 mora
1784 4773 1933 4862 prope
1974 4745 2122 4861 ipsam
2164 4742 2338 4831 lineam

532 4883 702 4989 albam,
740 4888 882 4976 veleri
914 4889 984 4975 illi
1017 4887 1223 4977 cicatrici
1254 4906 1506 5000 παραλλήλως,
1540 4890 1697 5007 prima
1727 4888 1870 4975 sectio
1902 4888 2104 5005 perfecta
2137 4901 2203 4975 est
2234 4915 2340 4974 con·

532 5029 765 5147 solitoque
795 5029 938 5119 modo
975 5032 1023 5118 in
1064 5061 1234 5120 cavum
1266 5034 1396 5161 ‚uteri
1439 5032 1683 5152 producta.
1741 5029 1922 5118 Turne
1958 5031 2047 5118 tela
2088 5032 2211 5119 uteri
2239 5060 2340 5119 san·

533 5174 635 5289 guis
669 5173 826 5293 largus
865 5177 1058 5265 emicuit
1087 5190 1349 5295 propterea,
1391 5176 1521 5296 quod
1565 5177 1777 5293 placenta
1808 5171 2011 5263 infausto
2044 5202 2154 5261 casu
2192 5175 2339 5263 iacuit

532 5312 621 5403 sub
651 5315 755 5434 ipso
774 5316 972 5408 dissecto
1003 5320 1128 5408 loco:
1159 5320 1290 5439 quod
1323 5351 1380 5411 ne
1410 5319 1761 5437 diligentissima
1781 5315 1976 5436 quidem
1998 5319 2338 5405 auscultatione

532 5473 638 5547 ante
675 5460 827 5579 ipsam
858 5463 1178 5580 operationem
1212 5464 1425 5553 instituta
1453 5462 1609 5582 potuit
1639 5459 1868 5577 cognosci.
1922 5457 2057 5565 Dein,
2089 5474 2134 5552 et
2165 5461 2266 5565 fetu
2295 5472 2342 5549 et
