5226 7298
1393 895 1427 974 4

506 1120 677 1183 anum
721 1092 841 1183 illud
881 1097 1126 1184 inventum
1167 1129 1328 1186 rerum
1373 1101 1691 1189 consimilium
1741 1104 1837 1189 iam
1880 1115 2013 1189 autea
2058 1103 2313 1218 explorata-

505 1264 616 1324 rum
661 1234 817 1323 ordini
865 1238 1119 1328 insererent
1167 1255 1211 1328 ct
1253 1244 1509 1359 permultas
1551 1244 1647 1333 huc
1689 1247 1971 1362 pertinentes
2019 1248 2312 1363 quaestiones

506 1378 889 1497 aetiologicas
920 1380 1434 1504 diagnosticasque
1467 1416 1556 1503 pro
1593 1402 1863 1505 temporum
1897 1390 1945 1474 in
1976 1387 2068 1475 hac
2094 1387 2310 1477 doctrina

504 1546 754 1638 progressu
786 1541 1124 1642 percenserent,
1165 1529 1460 1646 explicarent.
1529 1524 1671 1640 Quod
1713 1545 1892 1649 quanto
1933 1529 2089 1617 studio
2131 1532 2309 1619 factum

504 1663 575 1769 sit,
613 1668 786 1786 scripta
823 1667 1060 1756 declarant
1090 1671 1360 1788 planissime
1394 1700 1572 1775 corum,
1605 1674 1689 1790 qui
1723 1703 1815 1760 uon
1855 1676 1920 1758 ita
1954 1675 2133 1790 magnis
2171 1675 2310 1763 inter-

504 1808 669 1923 positis
708 1822 978 1929 temporum
1024 1815 1281 1900 intervallis
1321 1843 1416 1902 sese
1457 1830 1736 1932 exceperunt
1774 1814 2059 1934 inquirendo
2099 1817 2148 1900 in
2183 1816 2308 1902 hanc

504 1964 707 2064 partem,
734 1950 817 2039 Ed.
840 1953 1153 2042 Martinam
1187 1954 1315 2064 dic0,
1342 1953 1651 2064 Steinium,
1688 1957 2088 2077 Dauyarium,
2129 1955 2308 2045 Mole-

503 2092 848 2201 schottium,
895 2096 1225 2205 Hunnium,
1278 2099 1523 2206 Vnnam,
1558 2082 2307 2217 'Hillebrandium-Ritge-

503 2234 681 2342 nium,
712 2236 1010 2358 Haynium,
1041 2240 1339 2331 Hohlium:
1379 2242 1554 2363 quibus
1579 2243 1851 2332 accensendi
1885 2255 1993 2331 sunt
2022 2244 2105 2361 qui
2133 2244 2306 2358 passim

501 2376 550 2463 in
590 2378 749 2467 eadem
783 2412 833 2469 re
863 2384 1140 2472 illustranda
1181 2388 1392 2474 criticam
1438 2416 1628 2504 operam
1669 2401 1951 2505 posuerunt,
1991 2382 2306 2474 Rokitans·

503 2515 663 2639 lryus,
706 2520 1038 2630 Vrolilrius,
1071 2526 1474 2634 Betschlerus,
1514 2523 1896 2635 Cazeauxius,
1927 2529 2305 2635 Kiwischius‚

501 2657 871 2772 Scanzonius,
910 2671 1003 2756 alii.

649 2804 763 2917 Sed,
802 2829 856 2900 ut
893 2815 1057 2902 assolet
1086 2811 1218 2919 fieri,
1257 2817 1440 2933 stupori
1472 2818 1547 2903 vix
1581 2817 1842 2933 composito
1888 2843 1980 2901 non
2015 2813 2168 2900 multo
2200 2829 2303 2931 post

496 2957 763 3068 supervenit
794 2957 913 3045 alius
950 2957 1172 3077 idemque
1208 2959 1373 3045 maior.
1421 2957 1619 3062 Etenim,
1650 2959 1854 3047 triennio
1891 2971 1996 3075 post
2032 2956 2302 3073 evulgatum

498 3092 638 3183 illum
669 3093 947 3219 Naegelei
988 3100 1165 3189 librum
1212 3103 1551 3222 praeterlapso,
1584 3099 1636 3188 F.
1664 3100 1963 3191 Robertus
2008 3102 2132 3186 foras
2174 3093 2303 3184 dedit

498 3238 860 3361 descriptionem
893 3248 1040 3363 pelvis
1070 3247 1271 3334 alicuius
1294 3246 1352 3333 in
1383 3260 1777 3335 transversum
1801 3244 2155 3364 quammaxime
2177 3270 2304 3328 coar-

496 3379 705 3498 ctatae*).
750 3383 897 3477 Cuius
926 3387 1036 3476 libri
1060 3404 1239 3496 auctor,
1271 3420 1491 3479 enarrans
1514 3406 1704 3508 partum
1733 3390 1934 3478 sectione
1968 3415 2176 3474 caesarea
2209 3417 2305 3474 sus-

495 3545 629 3648 cepta
664 3533 912 3621 infeliciter
945 3548 1212 3651 peractum,
1255 3532 1510 3622 adumbrat
1554 3535 1729 3653 pelvim
1773 3532 1999 3649 singulari
2032 3559 2114 3617 sua
2149 3529 2304 3616 forma

495 3705 727 3794 perquam
771 3676 1039 3765 notabilem,
1111 3673 1235 3766 Nam
1282 3677 1412 3797 quod
1456 3679 1504 3765 in
1551 3677 1745 3797 obliqua
1778 3677 1858 3762 illa
1889 3672 1934 3762 N
1955 3673 2301 3791 acgeleani

493 3821 693 3937 exempli
738 3821 1050 3909 coarctatione
1097 3823 1294 3938 simplex
1335 3822 1425 3909 fuit
1475 3822 1569 3909 sive
1620 3823 1763 3909 unius
1807 3820 1964 3906 lateris
2007 3818 2205 3921 vitium,
2249 3812 2300 3900 id

492 3964 542 4050 in
589 3991 696 4051 casu
739 3965 822 4051 illo
862 3993 889 4050 a
926 3962 1184 4052 Roberto
1234 3967 1441 4083 exposito
1487 3964 1662 4083 duplex
1707 3965 1804 4051 sive
1846 3961 2052 4048 duorum
2094 3961 2298 4046 laterum

493 4136 746 4198 commune
766 4110 1010 4227 apparuit:
1043 4124 1095 4197 ut
1113 4138 1235 4229 quae
1257 4110 1355 4197 illic
1375 4107 1752 4227 conspiciebatur
1777 4134 1963 4192 summa
1985 4101 2297 4222 asymmetria‚

491 4252 574 4341 hic
611 4254 828 4341 transiret
862 4250 1219 4372 quodammodo
1249 4254 1297 4338 in
1341 4252 1592 4372 perfectam
1632 4251 1974 4371 symmetriam,
2015 4249 2079 4333 ita
2125 4259 2297 4348 tamen,

491 4408 548 4485 ut
585 4397 757 4485 canalis
792 4397 941 4514 pelvis
977 4410 1105 4485 extra
1141 4425 1328 4485 omnem
1364 4393 1724 4485 similitudinem
1755 4393 1985 4480 coercitus
2011 4401 2136 4476 esset.
2198 4381 2296 4497 Qui

491 4540 637 4656 igitur
667 4538 911 4645 mirabere,
938 4537 1081 4660 quod,
1113 4571 1223 4629 cum
1256 4570 1375 4630 noxa
1407 4540 1525 4628 haec
1555 4540 1703 4657 pelvis
1727 4533 1880 4653 figura
1918 4535 1966 4619 in
2000 4561 2160 4619 rerum
2194 4557 2299 4616 ana-

491 4687 778 4773 tomicarum
830 4699 874 4773 et
920 4683 1298 4774 obstetriciarum
1342 4715 1565 4803 campum
1616 4676 2019 4781 introduceretur,
2061 4705 2117 4761 ne
2161 4671 2301 4789 periti

493 4828 688 4949 quidem
727 4828 894 4917 talium
925 4827 1014 4916 sibi
1053 4828 1398 4948 temperabant,
1437 4829 1553 4949 quin
1594 4822 1865 4913 dubitanter
1904 4850 1987 4907 nec
2023 4819 2121 4904 sine
2153 4812 2300 4929 suspi-

493 4974 628 5061 cione
669 4968 873 5091 quadam
917 4987 1162 5092 tamquam
1204 4971 1262 5063 de
1295 4976 1403 5062 lusu
1442 4973 1606 5090 aliquo
1646 4982 1865 5071 naturae,
1911 4964 1979 5051 vel
2015 4960 2073 5048 de
2119 4958 2298 5045 confor-

491 5116 700 5204 matione
721 5120 915 5204 omnino
940 5118 1151 5235 analogia
1177 5146 1262 5204 sua
1288 5130 1472 5206 carente
1503 5110 1647 5205 verba
1676 5110 1906 5199 facerent?
1945 5102 2163 5193 Profecto
2193 5112 2297 5184 tum

414 5412 425 5437 ι’
557 5464 595 5542 *J
618 5462 664 5545 Ej.
683 5463 912 5545 Beschreibung
932 5464 1018 5526 eines
1039 5464 1079 5525 im
1103 5461 1256 5528 hochstcu
1273 5463 1376 5527 Grade
1397 5455 1795 5543 quervcrengtenlteckens
1811 5447 2122 5516 cenomanicum
2139 5444 2300 5522 Freiburg,

622 5570 714 5651 1842,
734 5571 797 5639 sto.
822 5573 875 5634 mit
894 5570 1018 5635 Abbild.

1273 5709 1484 5824 tttte
