1481 2183
343 579 364 600 4.
393 578 452 600 Alae
470 578 527 600 ossis
546 577 616 600 ilium
632 578 658 599 in
672 576 700 599 Pi
719 578 838 607 proiectae
859 581 914 600 sunt
939 577 994 600 satis
1012 578 1081 607 plane
1102 576 1185 607 (flach)

284 614 334 636 sive
348 620 489 644 perparvam
505 612 595 636 habeut
611 613 800 640 inclinationeim
814 616 839 635 at
853 613 878 635 in
896 612 931 635 Pn
947 613 1025 635 multo
1039 614 1113 642 magis
1130 617 1189 636 sunt

285 649 374 672 arduae
392 649 546 679 maioresque.

347 692 367 713 5.
397 690 511 712 Similiter
534 690 559 712 in
574 689 609 712 Pu
631 689 732 712 altitudo
756 689 907 720 symphyseos
928 690 1016 712 ossium
1035 690 1107 720 pubis
1129 697 1185 713 sane

285 726 351 748 haud
367 726 480 756 paullulo,
496 726 510 747 i.
526 733 544 748 e.
562 725 639 747 4-5¹¹¹
658 725 735 747 maior
751 729 790 747 est.

346 768 365 788 6.
395 765 519 788 Praeterea
537 765 598 787 illud
613 772 710 795 quoque
725 765 816 787 mirum
831 764 900 787 nobis
913 764 1019 787 accidere
1031 764 1105 792 debet,
1121 765 1189 795 quod

285 802 399 831 singulari
414 801 456 823 illo
475 802 565 824 incessu
582 804 704 823 matronae
720 802 800 830 palam
819 800 927 824 effectum
943 804 982 828 est,
997 804 1025 823 ut
1039 801 1189 831 profunditas

286 837 465 860 acetabulorum
480 838 505 859 in
523 836 559 859 Ρη
574 836 667 859 duabus
683 837 789 859 tribusve
806 837 902 859 fortasse
917 836 984 859 lineis
997 836 1075 858 maior
1089 837 1125 859 sit.

346 880 365 899 ¹1.
396 876 429 899 Os
444 884 539 899 sacrum
554 877 579 899 in
594 876 623 899 P1
637 878 714 899 multo
729 877 809 899 minus
824 884 985 906 compressum
1000 879 1098 906 apparet
1113 883 1189 906 quarn

284 913 309 934 in
319 911 360 934 Pu.
376 912 407 934 At
418 912 499 934 eadem
509 912 637 943 utrobique
648 913 704 935 ossis
713 912 837 942 longitudo
846 913 968 943 primitiva
978 913 1104 939 invenitur,
1116 911 1190 934 morlo

285 955 397 970 mensura
412 948 549 970 instituatur
562 947 603 970 filo
618 952 692 970 totam
708 956 751 978 per
765 948 914 978 superficiem
930 949 1018 971 ossium
1034 952 1131 971 extento.

347 989 367 1010 8.
397 988 455 1010 Alae
468 988 524 1010 ossis
535 988 595 1010 sacri
612 996 666 1010 cum
681 988 798 1011 diametro
813 992 944 1011 transversa
959 992 1024 1011 trans
1039 988 1116 1011 basim
1132 988 1190 1011 ossis

287 1023 358 1046 ducta
376 1024 401 1045 in
420 1023 455 1049 Pu
470 1024 552 1054 paullo
567 1024 688 1047 exiliorem
703 1024 840 1047 describunt
855 1025 969 1054 angulum
984 1032 1057 1055 quam
1073 1024 1098 1046 in
1112 1023 1154 1046 Pu.

344 1067 364 1086 9.
394 1063 497 1086 Planum
508 1064 568 1087 illud
580 1065 719 1087 inclinatum
731 1065 873 1087 anteriorem
886 1068 977 1095 partem
988 1072 1069 1087 versus
1077 1064 1189 1094 proclive,

283 1100 350 1130 quod
363 1099 431 1122 efficit
443 1100 593 1130 superficiem
602 1101 753 1123 articularem
769 1101 885 1124 maiorem
893 1100 975 1123 baseos
984 1100 1041 1123 ossis
1053 1100 1119 1127 sacri,
1127 1101 1152 1123 in
1159 1100 1189 1123 P1

285 1136 364 1158 multo
383 1136 482 1166 pronius
503 1140 536 1158 est
556 1144 630 1167 quam
649 1137 672 1159 in
688 1136 736 1164 Pu,
756 1137 853 1167 imaque
875 1137 925 1159 eius
940 1144 995 1166 pars
1010 1137 1035 1158 in
1053 1137 1095 1158 illa
1116 1137 1191 1166 magis

285 1171 413 1194 rotundata
432 1175 454 1194 et
474 1172 653 1202 quodammodo
671 1173 746 1203 magis
767 1173 846 1195 aurita
866 1180 941 1203 quam
961 1173 985 1194 in
1005 1172 1057 1194 hac.
1088 1171 1143 1200 Quo
1159 1173 1192 1195 fa-

287 1211 352 1230 ctum
368 1211 407 1234 est,
423 1211 450 1229 ut

346 1250 379 1270 10.
406 1248 430 1269 in
447 1247 475 1270 1¹1
486 1247 579 1278 delapsa
595 1248 636 1270 illa
648 1247 756 1271 vertebra
768 1248 880 1271 lumbalis
893 1248 978 1270 ultima
989 1248 1066 1270 multo
1077 1248 1150 1277 magis
1162 1248 1187 1270 in

285 1283 345 1305 facie
361 1283 478 1306 anteriore
493 1283 614 1306 vertebrae
627 1284 722 1306 sacralis
737 1284 829 1314 primae
847 1284 947 1307 insideat
962 1291 1036 1314 quam
1049 1284 1074 1306 in
1089 1283 1132 1311 Pu,
1142 1283 1191 1312 ubi,

286 1323 315 1341 ut
332 1319 414 1342 tabula
432 1319 521 1342 adiecta
537 1320 637 1350 planum
654 1320 719 1347 facit,
736 1321 798 1343 inter
816 1324 947 1350 utrumque
966 1327 992 1342 os
1010 1320 1137 1350 spatiolum
1153 1327 1192 1342 va-

287 1362 360 1377 cuum
379 1354 470 1377 restitit.
500 1354 560 1377 Item
576 1355 634 1378 hinc
650 1355 745 1378 videtur
760 1363 840 1378 caussa
855 1355 961 1386 petenda,
976 1363 1020 1378 cur

349 1397 382 1417 11.
408 1394 515 1417 vertebra
537 1394 649 1418 lumbalis
672 1396 756 1426 quinta
770 1396 795 1418 in
809 1395 837 1418 Pl
854 1396 951 1418 fortiore
968 1396 1041 1418 totius
1055 1396 1112 1418 ossis
1128 1403 1191 1418 com-

287 1430 407 1460 pressione
424 1431 499 1459 magis
517 1431 547 1453 sit
566 1431 715 1459 condensata,
734 1432 853 1454 humilior
872 1435 995 1462 appareat.
1018 1436 1040 1454 et
1058 1431 1191 1454 densiorem

286 1465 373 1488 habeat
393 1467 482 1488 ossium
498 1467 568 1489 telam
585 1474 659 1497 quam
677 1468 702 1489 in
720 1466 762 1490 Pu.

347 1507 381 1528 12.
410 1506 519 1536 Denique
534 1507 559 1528 in
574 1506 610 1529 Pu
626 1515 747 1537 processus
763 1507 856 1537 obliqui
871 1507 993 1530 inferiores
1008 1507 1105 1537 quintae
1122 1511 1194 1530 verto

288 1540 347 1564 brae
361 1541 473 1564 tumbalis
492 1542 615 1572 propalam
636 1546 691 1565 sunt
708 1543 841 1573 prolongati
860 1547 882 1565 et
902 1543 1082 1573 quodammodo
1101 1547 1194 1573 partem

288 1577 431 1599 anteriorem
443 1585 525 1600 versus
539 1579 653 1608 protracti
670 1580 814 1609 extentique:
830 1587 891 1609 quae
906 1579 987 1601 omnia
1005 1586 1048 1601 cur
1061 1579 1140 1601 minus
1155 1578 1195 1601 ad-

288 1613 335 1635 sint
350 1613 375 1635 in
391 1612 426 1639 Pi,
442 1613 504 1635 facili
527 1614 620 1644 negotio
637 1618 713 1644 potest
733 1622 762 1638 eo
779 1615 904 1645 explicari,
926 1614 992 1645 quod
1013 1615 1063 1637 illic
1084 1614 1193 1638 vertebra

287 1648 400 1671 lumbalis
425 1649 511 1671 ultima
538 1650 614 1680 magis
639 1650 736 1673 decidit:
770 1658 855 1681 quare,
882 1658 911 1673 ue
936 1651 1061 1680 ligamenta
1085 1650 1194 1674 articula-

288 1683 323 1706 ria
345 1691 371 1706 os
391 1691 486 1706 sacrum
507 1684 569 1707 iuter
591 1689 614 1708 et
636 1685 747 1717 obliquos
772 1686 825 1710 illos
848 1694 970 1717 processus
994 1686 1116 1710 vertebrae
1135 1687 1196 1709 lum-
