5226 7298
476 1011 567 1104 nisi
598 1009 756 1097 omnia
790 1008 839 1093 in
878 1003 1221 1092 reminiscendo
1250 1034 1325 1091 me
1351 1002 1520 1090 fallunt
1551 1003 1977 1105 vehementissime,
2011 1005 2154 1091 sectio
2185 1034 2282 1096 cae·

476 1183 606 1244 sarea
637 1152 758 1237 facta
790 1161 901 1236 erat.
962 1150 1033 1235 Ac
1074 1148 1221 1264 pelvis
1258 1144 1451 1264 quidem
1493 1146 1593 1263 ipsa
1631 1147 1768 1263 plane
1800 1147 2028 1233 normalis
2053 1147 2168 1252 fuit,
2202 1149 2283 1237 sed

476 1295 703 1385 introitus
737 1292 836 1379 eius
868 1319 924 1378 eo
954 1291 1307 1409 quammaxime
1334 1287 1607 1405 obsaeptus,
1656 1289 1786 1408 quod
1839 1288 1897 1376 ad
1935 1319 2078 1376 unam
2118 1318 2282 1380 omnes

478 1465 621 1555 supra
661 1436 777 1523 ossis
810 1434 928 1521 sacri
966 1431 1098 1519 basin
1132 1447 1377 1550 promotae
1409 1430 1649 1518 vertebrae
1672 1430 1904 1520 lumbales
1937 1433 1985 1517 in
2018 1460 2158 1519 arcus
2187 1463 2283 1551 spe-

481 1579 601 1669 ciem
637 1606 780 1694 super
808 1576 958 1677 illum,
991 1573 1038 1660 b.
1071 1606 1107 1661 e.
1144 1573 1355 1690 fereper
1393 1577 1633 1690 regionem
1662 1577 1938 1691 coniugatus
1967 1606 2061 1663 sese
2091 1577 2283 1665 inclina-

479 1733 653 1811 verant.
715 1715 812 1805 Nec
842 1732 996 1806 tamen
1026 1731 1213 1834 tempus
1244 1717 1317 1802 rel
1349 1719 1542 1821 occasio,
1576 1717 1623 1803 id
1660 1718 1788 1837 quod
1818 1718 1956 1806 valde
1981 1719 2144 1824 doleo,
2175 1735 2281 1808 tum

478 1865 600 1956 mihi
626 1863 940 1980 permiserunt
973 1862 1018 1947 in
1052 1862 1340 1947 rarissimam
1376 1859 1499 1946 banc
1520 1860 1674 1946 sceleti
1706 1874 1888 1976 partem
1920 1864 2185 1952 accuratius
2216 1865 2283 1949 in-

484 2007 685 2124 quirere.
751 2003 839 2093 Sed
878 2002 996 2090 adeo
1025 2002 1134 2089 inde
1165 2000 1224 2091 ab
1266 2003 1348 2087 illo
1383 2014 1594 2118 tempore
1622 2033 1694 2088 res
1714 2005 1970 2091 memoriae
2007 2035 2142 2093 meae
2168 2007 2282 2094 inse

479 2146 563 2251 dit,
583 2148 761 2265 quippe
789 2174 1090 2261 summopere
1122 2139 1352 2243 notabilis,
1386 2155 1460 2243 ut,
1490 2141 1865 2259 quotiescunque
1894 2174 1981 2260 per
2007 2144 2282 2232 scholarum

479 2319 697 2381 mearum
730 2289 961 2379 rationem
993 2286 1042 2371 in
1074 2282 1357 2400 exponendis
1382 2283 1593 2400 pelvium
1626 2283 2042 2402 depravationibus
2075 2303 2282 2376 versatus

477 2461 599 2535 sum,
620 2431 866 2547 diligenter
891 2445 934 2517 et
957 2442 1179 2516 accurate
1199 2425 1497 2514 auditoribus
1521 2431 1637 2515 meis
1663 2432 1973 2545 proprietates
1991 2432 2090 2519 eius
2116 2430 2283 2518 descri-

482 2576 685 2690 pserim:
737 2573 864 2691 quod
908 2573 1134 2690 permulti
1184 2601 1348 2659 eorum
1391 2573 1489 2658 sine
1532 2570 1681 2657 dnbio
1726 2603 1852 2658 nunc
1893 2571 2281 2661 recordabuntur.

481 2716 587 2807 Hoc
636 2731 798 2807 autem
846 2718 947 2832 ipso
991 2732 1202 2833 tempore
1253 2715 1457 2801 multa-m-
1501 2713 1712 2833 impendi
1761 2743 1982 2831 operam,
2030 2731 2084 2802 nt
2137 2746 2283 2804 exem·

480 2864 629 2979 plum,
660 2892 719 2951 ue
754 2860 933 2949 diutius
965 2860 1214 2978 singularis
1250 2859 1349 2945 eius
1387 2855 1602 2943 condicio
1635 2886 1726 2943 non
1772 2858 2136 2961 examinaretur,
2168 2855 2284 2943 Bru·

481 3005 612 3095 xellis
642 3004 762 3091 mihi
794 3005 1203 3091 transmitteretur.
1262 2999 1348 3088 Sed
1382 3003 1687 3120 quantumvis
1714 3002 1912 3087 omnino
1951 2998 2186 3088 laudanda
2225 3001 2285 3087 sit

482 3145 743 3235 liberalitas
760 3143 1159 3250 Vanhuevelii,
1190 3145 1466 3262 professoris
1485 3144 1764 3261 amplissimi
1784 3139 2155 3231 ‘Maternitatem'
2186 3174 2284 3231 mo

481 3286 698 3392 derantis,
731 3287 944 3376 nondum
976 3301 1131 3374 tamen
1164 3286 1284 3372 mibi
1318 3288 1511 3405 contigit
1545 3300 1595 3372 ut
1629 3289 1675 3373 in
1708 3314 1876 3372 mauris
1915 3315 2040 3373 meas
2071 3289 2284 3375 venirent

482 3432 630 3547 pelvis
680 3431 759 3519 illa
804 3445 844 3519 et
894 3460 1003 3519 cum
1045 3459 1097 3517 ea
1135 3431 1386 3517 coniuncta
1428 3430 1649 3517 columna
1696 3426 2043 3532 vertebrarum,
2081 3443 2283 3548 utraque

484 3575 606 3667 mihi
649 3576 1005 3692 exoptatissima.
1082 3568 1223 3687 Quod
1269 3603 1378 3659 cum
1422 3572 1483 3657 ita
1526 3573 1611 3666 sit,
1659 3600 1823 3657 uerum·
1853 3572 2122 3658 necessitate
2152 3587 2284 3659 vetor

484 3716 849 3834 descriptionem
884 3718 1090 3804 huiusce
1114 3717 1312 3833 exempli
1353 3713 1575 3802 omnibus
1608 3714 1822 3799 nrrmeris
1857 3712 2120 3801 absolutam
2170 3745 2280 3802 cum

483 3854 738 3944 lectoribus
770 3859 1134 3945 communicare.
1197 3860 1413 3944 Attamen
1460 3887 1599 3975 spero
1634 3859 1758 3961 sore⁷
1801 3871 1855 3944 ut
1895 3874 2080 3973 postero
2119 3860 2282 3976 aliquo

482 4011 696 4113 tempore
720 3997 856 4103 hanc,
890 4029 1012 4116 quae
1037 4013 1248 4089 remanet
1274 4030 1404 4089 nunc
1426 4000 1618 4119 quidem
1654 4002 1702 4085 in
1736 4000 1945 4116 pelvium
1979 3999 2282 4089 abnormium

486 4136 710 4242 historia,
758 4141 976 4231 lacunam
1011 4143 1196 4259 explere
1223 4170 1409 4260 queam.
1470 4137 1713 4251 Quaestum
1754 4138 1947 4258 quidem
1972 4141 2032 4228 ad
2069 4174 2164 4245 me,
2201 4173 2285 4259 ego

485 4280 604 4375 nihi
646 4309 739 4368 non
773 4280 929 4371 deero.

603 4421 794 4537 Quanto
833 4441 995 4516 autem
1023 4456 1167 4543 opere
1206 4429 1360 4517 omnis
1398 4428 1544 4515 animi
1579 4430 1669 4515 mei
1713 4429 1905 4514 attentio
1939 4443 2166 4545 occupata
2209 4430 2283 4527 sit,

485 4598 596 4659 cum
631 4569 680 4657 in
714 4568 1049 4675 Kiwischii‚
1081 4571 1252 4687 equits
1278 4570 1576 4661 illustrissimi
1611 4568 1742 4659 libro·
1769 4573 1851 4688 qui
1878 4571 2162 4660 inscribitur
2181 4573 2284 4660 ‘Ars

484 4706 820 4812 obstetrieia’*)
851 4709 1137 4800 offenderem
1167 4710 1524 4829 descriptionem
1561 4714 1757 4831 exempli
1792 4714 1860 4801 illi
1895 4715 2148 4801 simillimi:
2190 4745 2286 4802 non

485 4851 712 4971 estquod
745 4851 974 4972 pluribus.
1005 4853 1086 4945 hie
1119 4855 1444 4973 exponendum
1479 4856 1621 4973 possit
1656 4857 1818 4947 videri.
1884 4854 2098 4946 breviter
2136 4873 2188 4946 ut
2218 4857 2286 4947 di-

485 5021 595 5085 cam.
622 4993 751 5112 quod
783 4997 944 5103 sentio,
979 5010 1026 5083 et
1052 5010 1166 5089 tunc
1196 4999 1285 5087 fuit
1316 5014 1363 5089 et
1396 5000 1665 5091 etiamnunc
1704 5005 1847 5090 estin
1880 5004 2081 5093 sirmmis
2114 5000 2285 5092 deside

360 5230 368 5249 ἱ
485 5134 568 5221 riis
601 5138 726 5240 meis,
763 5139 875 5254 ipsis
908 5140 1057 5226 oculis
1088 5139 1255 5228 illance
1289 5142 1462 5259 pelvim
1496 5146 1791 5261 perlustrare.

401 5334 419 5361 Ἄ
548 5377 585 5454 ἓ)
609 5374 667 5436 Die
689 5373 922 5439 Geburtskuude
943 5396 1003 5441 von
1021 5379 1053 5440 F.
1072 5381 1109 5440 Α.
1132 5378 1264 5444 tttwisot
1279 5384 1377 5446 ltitter
1397 5401 1458 5446 von
1472 5386 1626 5449 Rotterao.
1653 5387 1824 5449 ttatttett.
1847 5386 2016 5470 Erlangen,
2036 5390 2125 5466 1851,
2140 5391 2171 5451 8.
2193 5388 2283 5466 §tls

479 5550 482 5555 .
545 5526 552 5541 ·
608 5483 825 5565 ultis-titt
