<?xml version="1.0" encoding="UTF-8"?>
<!DOCTYPE html PUBLIC "-//W3C//DTD XHTML 1.0 Transitional//EN"
    "http://www.w3.org/TR/xhtml1/DTD/xhtml1-transitional.dtd">
<html xmlns="http://www.w3.org/1999/xhtml" xml:lang="en" lang="en">
 <head>
  <title>
</title>
<meta http-equiv="Content-Type" content="text/html;charset=utf-8" />
  <meta name='ocr-system' content='tesseract 3.04.00' />
  <meta name='ocr-capabilities' content='ocr_page ocr_carea ocr_par ocr_line ocrx_word'/>
</head>
<body>
  <div class='ocr_page' id='page_1' title='image "./despondylolisth00kiligoog_0007.png"; bbox 0 0 5226 7298; ppageno 0'>
   <div class='ocr_carea' id='block_1_1' title="bbox 285 2938 2349 5792">
    <p class='ocr_par' dir='ltr' id='par_1_1' title="bbox 399 2938 2318 4491">
     <span class='ocr_line' id='line_1_1' title="bbox 565 2938 2318 3071; baseline 0.002 -37"><span class='ocrx_word' id='word_1_1' title='bbox 565 2938 815 3035; x_wconf 83' lang='lat' dir='ltr'><strong>Humanae</strong></span> <span class='ocrx_word' id='word_1_2' title='bbox 854 2948 975 3036; x_wconf 89' lang='lat' dir='ltr'>vitae</span> <span class='ocrx_word' id='word_1_3' title='bbox 1016 2964 1229 3059; x_wconf 63' lang='grc' dir='ltr'><strong><em>φαινόμενα</em></strong></span> <span class='ocrx_word' id='word_1_4' title='bbox 1270 2952 1355 3071; x_wconf 89' lang='lat' dir='ltr'>qui</span> <span class='ocrx_word' id='word_1_5' title='bbox 1397 2950 1609 3068; x_wconf 80' lang='lat' dir='ltr'>diligenti</span> <span class='ocrx_word' id='word_1_6' title='bbox 1652 2960 1794 3065; x_wconf 90' lang='lat' dir='ltr'>atque</span> <span class='ocrx_word' id='word_1_7' title='bbox 1841 2959 2015 3032; x_wconf 87' lang='lat' dir='ltr'>attento</span> <span class='ocrx_word' id='word_1_8' title='bbox 2055 2946 2218 3032; x_wconf 89' lang='lat' dir='ltr'>animo</span> <span class='ocrx_word' id='word_1_9' title='bbox 2314 3030 2318 3037; x_wconf 90' lang='lat'>.</span> 
     </span>
     <span class='ocr_line' id='line_1_2' title="bbox 414 3086 2218 3210; baseline -0.001 -32"><span class='ocrx_word' id='word_1_10' title='bbox 414 3091 703 3210; x_wconf 88' lang='lat' dir='ltr'>perscrutari</span> <span class='ocrx_word' id='word_1_11' title='bbox 752 3087 841 3177; x_wconf 91' lang='lat' dir='ltr'>sibi</span> <span class='ocrx_word' id='word_1_12' title='bbox 885 3092 1131 3208; x_wconf 79' lang='lat' dir='ltr'>proponit,</span> <span class='ocrx_word' id='word_1_13' title='bbox 1181 3123 1301 3180; x_wconf 84' lang='lat' dir='ltr'>nova</span> <span class='ocrx_word' id='word_1_14' title='bbox 1345 3124 1532 3210; x_wconf 82' lang='lat' dir='ltr'><strong>semper</strong></span> <span class='ocrx_word' id='word_1_15' title='bbox 1566 3094 1952 3207; x_wconf 83' lang='lat' dir='ltr'>inexpectataque</span> <span class='ocrx_word' id='word_1_16' title='bbox 1996 3086 2218 3176; x_wconf 90' lang='lat' dir='ltr'>omnibus</span> 
     </span>
     <span class='ocr_line' id='line_1_3' title="bbox 415 3229 2219 3354; baseline -0.003 -33"><span class='ocrx_word' id='word_1_17' title='bbox 415 3231 669 3350; x_wconf 87' lang='lat' dir='ltr'>indagabit.</span> <span class='ocrx_word' id='word_1_18' title='bbox 728 3229 851 3320; x_wconf 89' lang='lat' dir='ltr'>Nam</span> <span class='ocrx_word' id='word_1_19' title='bbox 897 3231 1014 3320; x_wconf 91' lang='lat' dir='ltr'>adeo</span> <span class='ocrx_word' id='word_1_20' title='bbox 1056 3234 1302 3352; x_wconf 84' lang='lat' dir='ltr'>multiplex</span> <span class='ocrx_word' id='word_1_21' title='bbox 1339 3266 1393 3324; x_wconf 89' lang='lat' dir='ltr'>ac</span> <span class='ocrx_word' id='word_1_22' title='bbox 1431 3237 1569 3354; x_wconf 90' lang='lat' dir='ltr'>plane</span> <span class='ocrx_word' id='word_1_23' title='bbox 1602 3233 1879 3320; x_wconf 87' lang='lat' dir='ltr'>inexhausta</span> <span class='ocrx_word' id='word_1_24' title='bbox 1920 3231 2114 3319; x_wconf 92' lang='lat' dir='ltr'>illorum</span> <span class='ocrx_word' id='word_1_25' title='bbox 2152 3243 2219 3319; x_wconf 87' lang='lat' dir='ltr'>est</span> 
     </span>
     <span class='ocr_line' id='line_1_4' title="bbox 414 3372 2220 3496; baseline -0.004 -30"><span class='ocrx_word' id='word_1_26' title='bbox 414 3379 637 3482; x_wconf 88' lang='lat' dir='ltr'>varietas,</span> <span class='ocrx_word' id='word_1_27' title='bbox 672 3390 721 3463; x_wconf 92' lang='lat' dir='ltr'>ut</span> <span class='ocrx_word' id='word_1_28' title='bbox 761 3377 1010 3496; x_wconf 89' lang='lat' dir='ltr'>insequens</span> <span class='ocrx_word' id='word_1_29' title='bbox 1044 3405 1262 3496; x_wconf 88' lang='lat' dir='ltr'>quaeque</span> <span class='ocrx_word' id='word_1_30' title='bbox 1291 3392 1413 3464; x_wconf 91' lang='lat' dir='ltr'>aetas</span> <span class='ocrx_word' id='word_1_31' title='bbox 1450 3378 1620 3464; x_wconf 89' lang='lat' dir='ltr'>acriter</span> <span class='ocrx_word' id='word_1_32' title='bbox 1662 3372 1954 3462; x_wconf 86' lang='lat' dir='ltr'>observando</span> <span class='ocrx_word' id='word_1_33' title='bbox 1992 3401 2046 3459; x_wconf 95' lang='lat' dir='ltr'>eo</span> <span class='ocrx_word' id='word_1_34' title='bbox 2075 3373 2220 3490; x_wconf 84' lang='lat' dir='ltr'>possit</span> 
     </span>
     <span class='ocr_line' id='line_1_5' title="bbox 412 3517 2222 3638; baseline -0.003 -31"><span class='ocrx_word' id='word_1_35' title='bbox 412 3519 682 3638; x_wconf 88' lang='lat' dir='ltr'>pervenire,</span> <span class='ocrx_word' id='word_1_36' title='bbox 712 3548 809 3638; x_wconf 94' lang='lat' dir='ltr'>quo</span> <span class='ocrx_word' id='word_1_37' title='bbox 841 3550 897 3606; x_wconf 90' lang='lat' dir='ltr'>ne</span> <span class='ocrx_word' id='word_1_38' title='bbox 925 3522 1058 3636; x_wconf 90' lang='lat' dir='ltr'>prior</span> <span class='ocrx_word' id='word_1_39' title='bbox 1088 3521 1372 3638; x_wconf 73' lang='lat' dir='ltr'>procederet,</span> <span class='ocrx_word' id='word_1_40' title='bbox 1405 3520 1562 3607; x_wconf 93' lang='lat' dir='ltr'>minus</span> <span class='ocrx_word' id='word_1_41' title='bbox 1598 3519 1735 3635; x_wconf 90' lang='lat' dir='ltr'>plena</span> <span class='ocrx_word' id='word_1_42' title='bbox 1767 3547 1928 3604; x_wconf 90' lang='lat' dir='ltr'>rerum</span> <span class='ocrx_word' id='word_1_43' title='bbox 1963 3517 2222 3634; x_wconf 78' lang='lat' dir='ltr'>exploratio</span> 
     </span>
     <span class='ocr_line' id='line_1_6' title="bbox 414 3658 2220 3781; baseline -0.003 -31"><span class='ocrx_word' id='word_1_44' title='bbox 414 3661 613 3751; x_wconf 86' lang='lat' dir='ltr'>vetabat.</span> <span class='ocrx_word' id='word_1_45' title='bbox 675 3659 835 3775; x_wconf 84' lang='lat' dir='ltr'>Quare</span> <span class='ocrx_word' id='word_1_46' title='bbox 871 3663 1101 3750; x_wconf 89' lang='lat' dir='ltr'>falluntur</span> <span class='ocrx_word' id='word_1_47' title='bbox 1138 3691 1309 3781; x_wconf 91' lang='lat' dir='ltr'>magno</span> <span class='ocrx_word' id='word_1_48' title='bbox 1341 3692 1500 3779; x_wconf 90' lang='lat' dir='ltr'>opere,</span> <span class='ocrx_word' id='word_1_49' title='bbox 1536 3660 1618 3779; x_wconf 92' lang='lat' dir='ltr'>qui</span> <span class='ocrx_word' id='word_1_50' title='bbox 1654 3687 1742 3776; x_wconf 93' lang='lat' dir='ltr'>pro</span> <span class='ocrx_word' id='word_1_51' title='bbox 1773 3690 1820 3746; x_wconf 91' lang='lat' dir='ltr'>se</span> <span class='ocrx_word' id='word_1_52' title='bbox 1856 3658 2025 3773; x_wconf 85' lang='lat' dir='ltr'>singuli</span> <span class='ocrx_word' id='word_1_53' title='bbox 2056 3675 2220 3777; x_wconf 90' lang='lat' dir='ltr'>suapte</span> 
     </span>
     <span class='ocr_line' id='line_1_7' title="bbox 414 3798 2219 3924; baseline -0.001 -30"><span class='ocrx_word' id='word_1_54' title='bbox 414 3809 709 3894; x_wconf 85' lang='lat' dir='ltr'>contentione</span> <span class='ocrx_word' id='word_1_55' title='bbox 746 3835 800 3893; x_wconf 91' lang='lat' dir='ltr'>ac</span> <span class='ocrx_word' id='word_1_56' title='bbox 831 3798 993 3894; x_wconf 87' lang='lat' dir='ltr'>labore</span> <span class='ocrx_word' id='word_1_57' title='bbox 1023 3807 1277 3924; x_wconf 87' lang='lat' dir='ltr'>perfectam</span> <span class='ocrx_word' id='word_1_58' title='bbox 1312 3804 1674 3924; x_wconf 86' lang='lat' dir='ltr'>absolutamque</span> <span class='ocrx_word' id='word_1_59' title='bbox 1713 3800 1986 3921; x_wconf 91' lang='lat' dir='ltr'>disciplinae</span> <span class='ocrx_word' id='word_1_60' title='bbox 2018 3803 2219 3892; x_wconf 90' lang='lat' dir='ltr'>alicuius</span> 
     </span>
     <span class='ocr_line' id='line_1_8' title="bbox 399 3926 2219 4067; baseline 0 -31"><span class='ocrx_word' id='word_1_61' title='bbox 399 3926 727 4065; x_wconf 48' lang='lat' dir='ltr'>&#39;cognitionem</span> <span class='ocrx_word' id='word_1_62' title='bbox 756 3963 924 4067; x_wconf 89' lang='lat' dir='ltr'>putent</span> <span class='ocrx_word' id='word_1_63' title='bbox 957 3934 1003 4036; x_wconf 83' lang='lat' dir='ltr'>et</span> <span class='ocrx_word' id='word_1_64' title='bbox 1034 3952 1158 4067; x_wconf 90' lang='lat' dir='ltr'>ipsos</span> <span class='ocrx_word' id='word_1_65' title='bbox 1197 3944 1388 4066; x_wconf 88' lang='lat' dir='ltr'>adeptos</span> <span class='ocrx_word' id='word_1_66' title='bbox 1428 3978 1475 4036; x_wconf 90' lang='lat' dir='ltr'>se</span> <span class='ocrx_word' id='word_1_67' title='bbox 1517 3977 1610 4035; x_wconf 90' lang='lat' dir='ltr'>esse</span> <span class='ocrx_word' id='word_1_68' title='bbox 1654 3961 1698 4035; x_wconf 92' lang='lat' dir='ltr'>et</span> <span class='ocrx_word' id='word_1_69' title='bbox 1729 3948 1925 4064; x_wconf 88' lang='lat' dir='ltr'>posteris</span> <span class='ocrx_word' id='word_1_70' title='bbox 1962 3945 2219 4035; x_wconf 84' lang='lat' dir='ltr'>tradidisse.</span> 
     </span>
     <span class='ocr_line' id='line_1_9' title="bbox 413 4082 2221 4207; baseline 0.002 -31"><span class='ocrx_word' id='word_1_71' title='bbox 413 4082 468 4176; x_wconf 89' lang='lat' dir='ltr'>In</span> <span class='ocrx_word' id='word_1_72' title='bbox 500 4094 636 4179; x_wconf 92' lang='lat' dir='ltr'>cuins</span> <span class='ocrx_word' id='word_1_73' title='bbox 667 4093 731 4178; x_wconf 89' lang='lat' dir='ltr'>rei</span> <span class='ocrx_word' id='word_1_74' title='bbox 755 4082 898 4177; x_wconf 90' lang='lat' dir='ltr'>fidem</span> <span class='ocrx_word' id='word_1_75' title='bbox 925 4092 1002 4176; x_wconf 89' lang='lat' dir='ltr'>vix</span> <span class='ocrx_word' id='word_1_76' title='bbox 1035 4095 1252 4179; x_wconf 90' lang='lat' dir='ltr'>certiores</span> <span class='ocrx_word' id='word_1_77' title='bbox 1276 4088 1701 4207; x_wconf 89' lang='lat' dir='ltr'>locupletiorcsque</span> <span class='ocrx_word' id='word_1_78' title='bbox 1731 4102 1865 4175; x_wconf 88' lang='lat' dir='ltr'>testes</span> <span class='ocrx_word' id='word_1_79' title='bbox 1892 4086 2050 4175; x_wconf 85' lang='lat' dir='ltr'>licebit</span> <span class='ocrx_word' id='word_1_80' title='bbox 2078 4091 2221 4179; x_wconf 90' lang='lat' dir='ltr'>citare</span> 
     </span>
     <span class='ocr_line' id='line_1_10' title="bbox 411 4232 2220 4354; baseline 0.001 -35"><span class='ocrx_word' id='word_1_81' title='bbox 411 4262 560 4352; x_wconf 89' lang='lat' dir='ltr'>quam</span> <span class='ocrx_word' id='word_1_82' title='bbox 594 4233 811 4338; x_wconf 89' lang='lat' dir='ltr'>medicos,</span> <span class='ocrx_word' id='word_1_83' title='bbox 846 4248 1006 4349; x_wconf 93' lang='lat' dir='ltr'>ntpote</span> <span class='ocrx_word' id='word_1_84' title='bbox 1033 4233 1209 4354; x_wconf 88' lang='lat' dir='ltr'>quibus</span> <span class='ocrx_word' id='word_1_85' title='bbox 1240 4264 1378 4323; x_wconf 93' lang='lat' dir='ltr'>nemo</span> <span class='ocrx_word' id='word_1_86' title='bbox 1409 4233 1467 4322; x_wconf 91' lang='lat' dir='ltr'>ad</span> <span class='ocrx_word' id='word_1_87' title='bbox 1500 4233 1646 4351; x_wconf 91' lang='lat' dir='ltr'>ipsius</span> <span class='ocrx_word' id='word_1_88' title='bbox 1678 4233 1795 4318; x_wconf 88' lang='lat' dir='ltr'>vitae</span> <span class='ocrx_word' id='word_1_89' title='bbox 1828 4232 2078 4348; x_wconf 91' lang='lat' dir='ltr'>penetralia</span> <span class='ocrx_word' id='word_1_90' title='bbox 2114 4262 2220 4351; x_wconf 94' lang='lat' dir='ltr'>pro-</span> 
     </span>
     <span class='ocr_line' id='line_1_11' title="bbox 410 4373 751 4491; baseline 0.009 -33"><span class='ocrx_word' id='word_1_91' title='bbox 410 4375 520 4491; x_wconf 92' lang='lat' dir='ltr'>pius</span> <span class='ocrx_word' id='word_1_92' title='bbox 552 4373 751 4464; x_wconf 87' lang='lat' dir='ltr'>accedat.</span> 
     </span>
    </p>

    <p class='ocr_par' dir='ltr' id='par_1_2' title="bbox 285 4512 2222 5515">
     <span class='ocr_line' id='line_1_12' title="bbox 565 4512 2221 4637; baseline 0.001 -32"><span class='ocrx_word' id='word_1_93' title='bbox 565 4514 749 4630; x_wconf 91' lang='lat' dir='ltr'>Quarto</span> <span class='ocrx_word' id='word_1_94' title='bbox 776 4518 921 4637; x_wconf 86' lang='lat' dir='ltr'>igitur</span> <span class='ocrx_word' id='word_1_95' title='bbox 946 4514 1132 4607; x_wconf 90' lang='lat' dir='ltr'>decimo</span> <span class='ocrx_word' id='word_1_96' title='bbox 1152 4519 1329 4609; x_wconf 90' lang='lat' dir='ltr'>abhinc</span> <span class='ocrx_word' id='word_1_97' title='bbox 1360 4551 1494 4625; x_wconf 72' lang='lat' dir='ltr'>atino,</span> <span class='ocrx_word' id='word_1_98' title='bbox 1518 4551 1627 4608; x_wconf 90' lang='lat' dir='ltr'>cnm</span> <span class='ocrx_word' id='word_1_99' title='bbox 1651 4516 1702 4605; x_wconf 80' lang='lat' dir='ltr'>F.</span> <span class='ocrx_word' id='word_1_100' title='bbox 1728 4512 1774 4604; x_wconf 87' lang='lat' dir='ltr'>C.</span> <span class='ocrx_word' id='word_1_101' title='bbox 1797 4512 2118 4635; x_wconf 88' lang='lat' dir='ltr'>Naegeleus,</span> <span class='ocrx_word' id='word_1_102' title='bbox 2147 4523 2221 4607; x_wconf 89' lang='lat' dir='ltr'>vir</span> 
     </span>
     <span class='ocr_line' id='line_1_13' title="bbox 413 4652 2222 4781; baseline 0.004 -36"><span class='ocrx_word' id='word_1_103' title='bbox 413 4658 758 4748; x_wconf 90' lang='lat' dir='ltr'>illustrissimus</span> <span class='ocrx_word' id='word_1_104' title='bbox 792 4652 945 4780; x_wconf 88' lang='lat' dir='ltr'>deque</span> <span class='ocrx_word' id='word_1_105' title='bbox 990 4695 1040 4750; x_wconf 93' lang='lat' dir='ltr'>re</span> <span class='ocrx_word' id='word_1_106' title='bbox 1071 4660 1255 4751; x_wconf 87' lang='lat' dir='ltr'>medica</span> <span class='ocrx_word' id='word_1_107' title='bbox 1286 4665 1624 4769; x_wconf 90' lang='lat' dir='ltr'>meritissimus,</span> <span class='ocrx_word' id='word_1_108' title='bbox 1654 4662 1868 4779; x_wconf 90' lang='lat' dir='ltr'>palmare</span> <span class='ocrx_word' id='word_1_109' title='bbox 1890 4658 2009 4747; x_wconf 90' lang='lat' dir='ltr'>illud</span> <span class='ocrx_word' id='word_1_110' title='bbox 2048 4661 2105 4751; x_wconf 92' lang='lat' dir='ltr'>de</span> <span class='ocrx_word' id='word_1_111' title='bbox 2129 4662 2222 4781; x_wconf 92' lang='lat' dir='ltr'>pel·</span> 
     </span>
     <span class='ocr_line' id='line_1_14' title="bbox 412 4800 2220 4927; baseline 0.004 -40"><span class='ocrx_word' id='word_1_112' title='bbox 412 4802 545 4890; x_wconf 93' lang='lat' dir='ltr'>vium</span> <span class='ocrx_word' id='word_1_113' title='bbox 580 4802 994 4925; x_wconf 90' lang='lat' dir='ltr'>oblique-ovata</span> <span class='ocrx_word' id='word_1_114' title='bbox 1019 4800 1380 4919; x_wconf 79' lang='lat' dir='ltr'>coarctatione*)</span> <span class='ocrx_word' id='word_1_115' title='bbox 1405 4836 1524 4926; x_wconf 92' lang='lat' dir='ltr'>opus</span> <span class='ocrx_word' id='word_1_116' title='bbox 1546 4802 1701 4895; x_wconf 91' lang='lat' dir='ltr'>ederet</span> <span class='ocrx_word' id='word_1_117' title='bbox 1733 4804 2103 4924; x_wconf 89' lang='lat' dir='ltr'>vitiosarumque</span> <span class='ocrx_word' id='word_1_118' title='bbox 2127 4809 2220 4927; x_wconf 93' lang='lat' dir='ltr'>pel-</span> 
     </span>
     <span class='ocr_line' id='line_1_15' title="bbox 410 4945 2219 5071; baseline 0.003 -38"><span class='ocrx_word' id='word_1_119' title='bbox 410 4945 545 5033; x_wconf 83' lang='lat' dir='ltr'>vium</span> <span class='ocrx_word' id='word_1_120' title='bbox 564 4950 777 5035; x_wconf 88' lang='lat' dir='ltr'>notitiam</span> <span class='ocrx_word' id='word_1_121' title='bbox 800 4965 990 5067; x_wconf 90' lang='lat' dir='ltr'>augeret</span> <span class='ocrx_word' id='word_1_122' title='bbox 1006 4979 1130 5037; x_wconf 91' lang='lat' dir='ltr'>nova</span> <span class='ocrx_word' id='word_1_123' title='bbox 1147 4950 1354 5071; x_wconf 90' lang='lat' dir='ltr'>quadam</span> <span class='ocrx_word' id='word_1_124' title='bbox 1376 4950 1555 5039; x_wconf 89' lang='lat' dir='ltr'>adiecta</span> <span class='ocrx_word' id='word_1_125' title='bbox 1577 4951 1740 5069; x_wconf 90' lang='lat' dir='ltr'>specie,</span> <span class='ocrx_word' id='word_1_126' title='bbox 1763 4955 1908 5041; x_wconf 86' lang='lat' dir='ltr'>vitam</span> <span class='ocrx_word' id='word_1_127' title='bbox 1932 4953 2219 5040; x_wconf 86' lang='lat' dir='ltr'>feminarum</span> 
     </span>
     <span class='ocr_line' id='line_1_16' title="bbox 407 5088 2220 5214; baseline 0.006 -40"><span class='ocrx_word' id='word_1_128' title='bbox 407 5091 679 5206; x_wconf 86' lang='lat' dir='ltr'>saepissime</span> <span class='ocrx_word' id='word_1_129' title='bbox 716 5094 764 5178; x_wconf 94' lang='lat' dir='ltr'>in</span> <span class='ocrx_word' id='word_1_130' title='bbox 805 5088 1057 5180; x_wconf 88' lang='lat' dir='ltr'>discrimen</span> <span class='ocrx_word' id='word_1_131' title='bbox 1095 5111 1305 5184; x_wconf 89' lang='lat' dir='ltr'>vocante:</span> <span class='ocrx_word' id='word_1_132' title='bbox 1351 5095 1526 5182; x_wconf 89' lang='lat' dir='ltr'>harum</span> <span class='ocrx_word' id='word_1_133' title='bbox 1569 5128 1729 5183; x_wconf 89' lang='lat' dir='ltr'>rerum</span> <span class='ocrx_word' id='word_1_134' title='bbox 1765 5100 1938 5214; x_wconf 92' lang='lat' dir='ltr'>peritos</span> <span class='ocrx_word' id='word_1_135' title='bbox 1976 5125 2030 5183; x_wconf 93' lang='lat' dir='ltr'>eo</span> <span class='ocrx_word' id='word_1_136' title='bbox 2066 5097 2220 5185; x_wconf 91' lang='lat' dir='ltr'>maior</span> 
     </span>
     <span class='ocr_line' id='line_1_17' title="bbox 409 5225 2219 5359; baseline 0.008 -43"><span class='ocrx_word' id='word_1_137' title='bbox 409 5225 568 5316; x_wconf 89' lang='lat' dir='ltr'>subito</span> <span class='ocrx_word' id='word_1_138' title='bbox 600 5230 783 5320; x_wconf 90' lang='lat' dir='ltr'>incessit</span> <span class='ocrx_word' id='word_1_139' title='bbox 813 5230 1077 5338; x_wconf 84' lang='lat' dir='ltr'>admiratio,</span> <span class='ocrx_word' id='word_1_140' title='bbox 1112 5265 1210 5352; x_wconf 91' lang='lat' dir='ltr'>quo</span> <span class='ocrx_word' id='word_1_141' title='bbox 1243 5240 1390 5359; x_wconf 90' lang='lat' dir='ltr'>magis</span> <span class='ocrx_word' id='word_1_142' title='bbox 1417 5239 1578 5359; x_wconf 90' lang='lat' dir='ltr'>opinio</span> <span class='ocrx_word' id='word_1_143' title='bbox 1608 5241 1964 5345; x_wconf 86' lang='lat' dir='ltr'>inveteraverat,</span> <span class='ocrx_word' id='word_1_144' title='bbox 1997 5272 2054 5329; x_wconf 93' lang='lat' dir='ltr'>ne</span> <span class='ocrx_word' id='word_1_145' title='bbox 2086 5271 2219 5359; x_wconf 92' lang='lat' dir='ltr'>posse</span> 
     </span>
     <span class='ocr_line' id='line_1_18' title="bbox 285 5362 2216 5515; baseline 0.008 -58"><span class='ocrx_word' id='word_1_146' title='bbox 285 5492 295 5515; x_wconf 44' lang='lat'><strong>·</strong></span> <span class='ocrx_word' id='word_1_147' title='bbox 411 5362 607 5489; x_wconf 87' lang='lat' dir='ltr'>quidem</span> <span class='ocrx_word' id='word_1_148' title='bbox 636 5386 781 5460; x_wconf 90' lang='lat' dir='ltr'>totam</span> <span class='ocrx_word' id='word_1_149' title='bbox 809 5375 933 5465; x_wconf 91' lang='lat' dir='ltr'>hanc</span> <span class='ocrx_word' id='word_1_150' title='bbox 953 5376 1233 5485; x_wconf 90' lang='lat' dir='ltr'>doctrinam,</span> <span class='ocrx_word' id='word_1_151' title='bbox 1255 5413 1378 5500; x_wconf 89' lang='lat' dir='ltr'>quae</span> <span class='ocrx_word' id='word_1_152' title='bbox 1398 5398 1463 5472; x_wconf 90' lang='lat' dir='ltr'>est</span> <span class='ocrx_word' id='word_1_153' title='bbox 1488 5380 1545 5470; x_wconf 90' lang='lat' dir='ltr'>de</span> <span class='ocrx_word' id='word_1_154' title='bbox 1573 5383 1782 5501; x_wconf 86' lang='lat' dir='ltr'>pelvium</span> <span class='ocrx_word' id='word_1_155' title='bbox 1805 5385 1940 5491; x_wconf 84' lang='lat' dir='ltr'>vitiis,</span> <span class='ocrx_word' id='word_1_156' title='bbox 1964 5385 2216 5502; x_wconf 84' lang='lat' dir='ltr'>insigniore</span> 
     </span>
    </p>

    <p class='ocr_par' dir='ltr' id='par_1_3' title="bbox 408 5512 2349 5792">
     <span class='ocr_line' id='line_1_19' title="bbox 409 5512 2216 5647; baseline 0.009 -48"><span class='ocrx_word' id='word_1_157' title='bbox 409 5512 510 5602; x_wconf 91' lang='lat' dir='ltr'>ullo</span> <span class='ocrx_word' id='word_1_158' title='bbox 542 5517 731 5605; x_wconf 89' lang='lat' dir='ltr'>invento</span> <span class='ocrx_word' id='word_1_159' title='bbox 765 5524 1051 5635; x_wconf 80' lang='lat' dir='ltr'>promoveri.</span> <span class='ocrx_word' id='word_1_160' title='bbox 1107 5520 1198 5611; x_wconf 86' lang='lat' dir='ltr'>Sed</span> <span class='ocrx_word' id='word_1_161' title='bbox 1229 5523 1362 5614; x_wconf 84' lang='lat' dir='ltr'>brevi</span> <span class='ocrx_word' id='word_1_162' title='bbox 1397 5529 1518 5615; x_wconf 90' lang='lat' dir='ltr'>inter</span> <span class='ocrx_word' id='word_1_163' title='bbox 1550 5555 1712 5614; x_wconf 92' lang='lat' dir='ltr'>omnes</span> <span class='ocrx_word' id='word_1_164' title='bbox 1739 5525 1795 5616; x_wconf 94' lang='lat' dir='ltr'>de</span> <span class='ocrx_word' id='word_1_165' title='bbox 1826 5522 2098 5647; x_wconf 88' lang='lat' dir='ltr'>gravissima</span> <span class='ocrx_word' id='word_1_166' title='bbox 2124 5528 2216 5617; x_wconf 91' lang='lat' dir='ltr'>hac</span> 
     </span>
     <span class='ocr_line' id='line_1_20' title="bbox 408 5660 2349 5792; baseline 0.009 -48"><span class='ocrx_word' id='word_1_167' title='bbox 408 5687 460 5744; x_wconf 93' lang='lat' dir='ltr'>re</span> <span class='ocrx_word' id='word_1_168' title='bbox 500 5663 728 5749; x_wconf 87' lang='lat' dir='ltr'>convenit.</span> <span class='ocrx_word' id='word_1_169' title='bbox 790 5660 956 5781; x_wconf 88' lang='lat' dir='ltr'>ltaque</span> <span class='ocrx_word' id='word_1_170' title='bbox 995 5662 1192 5779; x_wconf 89' lang='lat' dir='ltr'>plurimi</span> <span class='ocrx_word' id='word_1_171' title='bbox 1237 5699 1429 5787; x_wconf 91' lang='lat' dir='ltr'>operam</span> <span class='ocrx_word' id='word_1_172' title='bbox 1472 5666 1725 5772; x_wconf 86' lang='lat' dir='ltr'>dederunt,</span> <span class='ocrx_word' id='word_1_173' title='bbox 1773 5686 1823 5759; x_wconf 92' lang='lat' dir='ltr'>ut</span> <span class='ocrx_word' id='word_1_174' title='bbox 1865 5687 1908 5758; x_wconf 87' lang='lat' dir='ltr'>et</span> <span class='ocrx_word' id='word_1_175' title='bbox 1948 5670 2222 5792; x_wconf 90' lang='lat' dir='ltr'>Naegele-</span> <span class='ocrx_word' id='word_1_176' title='bbox 2343 5767 2349 5789; x_wconf 82' lang='lat'>-.</span> 
     </span>
    </p>
   </div>
   <div class='ocr_carea' id='block_1_2' title="bbox 420 5870 856 5886">
    <p class='ocr_par' dir='ltr' id='par_1_4' title="bbox 420 5870 856 5886">
     <span class='ocr_line' id='line_1_21' title="bbox 420 5870 856 5886; baseline 0.014 -6"><span class='ocrx_word' id='word_1_177' title='bbox 420 5870 856 5886; x_wconf 54' lang='lat' dir='ltr'>m—</span> 
     </span>
    </p>
   </div>
   <div class='ocr_carea' id='block_1_3' title="bbox 473 5986 1790 6076">
    <p class='ocr_par' dir='ltr' id='par_1_5' title="bbox 473 5986 1790 6076">
     <span class='ocr_line' id='line_1_22' title="bbox 473 5986 1790 6076; baseline 0.013 -28"><span class='ocrx_word' id='word_1_178' title='bbox 473 5990 511 6064; x_wconf 69' lang='lat'>*)</span> <span class='ocrx_word' id='word_1_179' title='bbox 534 5987 634 6049; x_wconf 87' lang='lat' dir='ltr'>Ucbrr</span> <span class='ocrx_word' id='word_1_180' title='bbox 655 5986 710 6049; x_wconf 86' lang='lat' dir='ltr'>dns</span> <span class='ocrx_word' id='word_1_181' title='bbox 734 5991 850 6075; x_wconf 73' lang='lat' dir='ltr'>schrig</span> <span class='ocrx_word' id='word_1_182' title='bbox 871 6000 1019 6076; x_wconf 84' lang='lat' dir='ltr'>vorengte</span> <span class='ocrx_word' id='word_1_183' title='bbox 1041 5995 1166 6058; x_wconf 88' lang='lat' dir='ltr'>Becken</span> <span class='ocrx_word' id='word_1_184' title='bbox 1189 6003 1247 6060; x_wconf 89' lang='lat' dir='ltr'>cto.</span> <span class='ocrx_word' id='word_1_185' title='bbox 1272 5998 1372 6061; x_wconf 80' lang='lat' dir='ltr'>Mainz</span> <span class='ocrx_word' id='word_1_186' title='bbox 1399 6002 1477 6064; x_wconf 78' lang='lat'>1839</span> <span class='ocrx_word' id='word_1_187' title='bbox 1500 6002 1562 6063; x_wconf 73' lang='lat' dir='ltr'>tto.</span> <span class='ocrx_word' id='word_1_188' title='bbox 1588 6007 1640 6064; x_wconf 84' lang='lat' dir='ltr'>ntt</span> <span class='ocrx_word' id='word_1_189' title='bbox 1666 6004 1790 6068; x_wconf 84' lang='lat' dir='ltr'>Abbild.</span> 
     </span>
    </p>
   </div>
   <div class='ocr_carea' id='block_1_4' title="bbox 1221 6182 1433 6302">
    <p class='ocr_par' dir='ltr' id='par_1_6' title="bbox 1221 6182 1433 6302">
     <span class='ocr_line' id='line_1_23' title="bbox 1221 6182 1433 6302; baseline -0.061 -3"><span class='ocrx_word' id='word_1_190' title='bbox 1221 6182 1433 6302; x_wconf 74' lang='lat' dir='ltr'>ttttt‘</span> 
     </span>
    </p>
   </div>
   <div class='ocr_carea' id='block_1_5' title="bbox 0 0 2619 7298">
    <p class='ocr_par' dir='ltr' id='par_1_7' title="bbox 0 0 2619 7298">
     <span class='ocr_line' id='line_1_24' title="bbox 0 0 2619 7298; baseline 0 0"><span class='ocrx_word' id='word_1_191' title='bbox 0 0 2619 7298; x_wconf 95' lang='lat' dir='ltr'> </span> 
     </span>
    </p>
   </div>
  </div>
 </body>
</html>
