5632 7112
1351 919 1437 1008 25

492 1138 636 1262 parili
668 1132 814 1225 modo
844 1145 987 1254 atque
1016 1133 1066 1219 in
1097 1127 1321 1250 Pragensi
1361 1129 1445 1217 illo
1476 1107 1693 1245 exemplo
1726 1121 1886 1218 effecta
1933 1145 2000 1219 est
2036 1135 2198 1225 eodem
2231 1135 2307 1228 de

491 1286 631 1402 lapsu
657 1281 834 1369 ossium
865 1273 1209 1366 vertebrarum.
1270 1269 1432 1385 Quare
1461 1301 1649 1360 summa
1680 1273 1803 1360 inter
1834 1269 1953 1361 duas
1982 1272 2122 1364 hasce
2150 1281 2308 1395 pelves

492 1422 742 1515 intercedit
783 1417 1068 1523 similitudo,
1111 1415 1257 1505 modo
1296 1447 1354 1506 ne
1395 1414 1676 1533 respiciatur
1705 1414 1766 1502 ad
1802 1415 2143 1536 magnitudinis
2184 1421 2309 1511 dille

491 1569 683 1658 rentias
733 1557 868 1674 Quae
888 1558 1084 1680 quidem
1121 1555 1420 1644 formationis
1448 1556 1660 1674 analogia
1689 1588 1744 1646 ex
1773 1557 1987 1676 planiore
2013 1561 2308 1680 singularum

493 1711 722 1830 partium
746 1700 1060 1820 descriptione
1089 1697 1339 1818 apparebit
1374 1697 1755 1790 luculentissime.

646 1847 714 1939 Os
747 1848 894 1965 igitur
929 1873 1118 1932 sacrum
1150 1855 1357 1932 exactam
1397 1841 1449 1930 4⁴¹
1480 1842 1778 1933 latitudinem
1816 1843 1960 1934 habet
1991 1847 2037 1934 in
2074 1846 2174 1936 basi
2204 1839 2302 1962 sua,

495 1993 622 2082 unde
650 1987 784 2079 haud
816 1984 1119 2075 mediocriter
1150 1996 1397 2088 curvatur,
1441 1997 1495 2070 ut
1526 1986 1625 2071 eius
1653 1987 1950 2104 profunditas
1980 1987 2116 2077 valde
2153 1991 2310 2078 immi-

453 2197 460 2210 ·
495 2150 613 2224 nuta
643 2135 725 2243 sit3
757 2117 936 2251 quippe
967 2128 1088 2218 linea
1124 2127 1218 2234 illa,
1251 2155 1384 2247 quae,
1418 2125 1479 2214 ab
1518 2128 1651 2246 apice
1692 2132 1805 2218 ossis
1842 2133 1962 2220 sacri
2009 2129 2070 2220 ad
2098 2131 2307 2224 mediam

339 2383 342 2392 ,
493 2269 659 2366 baseos
701 2275 902 2372 huiusce
940 2273 1052 2362 ossis
1096 2271 1263 2360 faciem
1297 2269 1451 2378 ducta,
1497 2273 1546 2357 in
1588 2273 1715 2390 pelvi
1757 2274 1952 2362 omnino
1993 2277 2113 2365 iusta
2150 2279 2201 2367 tt
2234 2281 2311 2369 vel

494 2420 660 2541 paullo
698 2419 840 2507 etiam
867 2416 1022 2504 maior
1052 2426 1129 2520 est,
1161 2441 1214 2502 ea
1243 2413 1293 2499 in
1323 2411 1417 2500 hoc
1448 2414 1661 2532 exemplo
1698 2414 1751 2502 Ψ
1783 2417 1939 2504 fi-tlm
1964 2431 2148 2507 tantum
2181 2453 2309 2513 men.

493 2593 656 2655 suram
692 2559 848 2650 hahet.
1663 2559 1665 2564 ’

614 2702 804 2792 Adsunt
833 2711 1072 2818 praeterea
1098 2697 1314 2817 quinque
1349 2696 1592 2788 vertebrae
1621 2700 1819 2789 sacrales
1848 2713 1894 2788 et
1924 2716 2151 2820 quattuor
2169 2712 2305 2826 paria

496 2845 791 2936 foraminum
824 2841 1090 2947 sacralium,
1113 2869 1235 2960 quae
1269 2841 1406 2930 solito
1436 2840 1622 2931 ambitu
1653 2845 1944 2962 apertissime
1968 2847 2153 2936 minora
2184 2867 2306 2942 sunt.

495 2989 610 3081 Tela
644 3017 793 3094 ossea,
825 3013 1122 3107 quamquam
1166 2985 1423 3116 necessario
1459 2987 1624 3104 nequit
1660 2984 1883 3102 dubitari,
1915 2990 2030 3108 quin
2062 2991 2305 3110 quondam

492 3133 637 3222 fuerit
670 3129 891 3235 emollita,
921 3157 1049 3216 nunc
1078 3127 1201 3215 nihil
1232 3126 1403 3217 diversi
1434 3157 1548 3247 prae
1574 3158 1621 3221 se
1651 3133 1740 3220 fert
1773 3161 1801 3218 a
1831 3116 2065 3220 iustarum
2093 3137 2306 3252 pelvium
2359 3153 2360 3157 ‘

497 3275 706 3365 dissectis
735 3270 975 3391 partibus:
1017 3299 1166 3390 quare
1195 3270 1325 3358 illam
1368 3271 1564 3392 quidem
1596 3275 1693 3362 sine
1723 3273 1821 3363 ulla
1861 3273 2167 3367 haesitatione
2197 3278 2309 3370 dici-

493 3449 603 3509 mus
637 3417 755 3508 vitio
783 3443 878 3505 esse
904 3413 1119 3505 liberam.

611 3557 781 3650 Bassos
800 3557 1071 3679 superficies
1087 3557 1364 3663 articularis,
1392 3586 1515 3677 quae
1545 3558 1584 3646 si
1606 3561 1868 3652 normalem
1894 3563 2072 3694 pelvim
2090 3565 2302 3683 planitiei

492 3705 773 3794 horizontali
818 3701 917 3792 sine
946 3701 1248 3791 inclinatione
1277 3703 1720 3821 superimposueris‚
1760 3707 2023 3828 porrigitur
2051 3738 2300 3828 propemo

494 3847 611 3938 dum
633 3847 998 3953 horizontaliter,
1019 3846 1229 3954 hicnon,
1264 3847 1405 3936 sicuti
1431 3873 1597 3933 norma
1628 3860 1719 3954 est,
1746 3850 1974 3966 angulum
2000 3864 2185 3941 tantum
2207 3881 2303 3942 non

490 4003 688 4098 rectum,
726 3987 808 4078 sed
832 3989 1172 4107 pronissimum
1204 3983 1341 4077 efficit
1371 3988 1446 4077 vel
1474 4001 1667 4076 acutum
1700 3996 1755 4076 50
1786 3989 1882 4079 fere
1910 3993 2166 4109 graduum:
2204 4025 2303 4115 quo

488 4132 565 4242 fit,
596 4147 650 4222 ut
681 4132 729 4220 in
763 4131 992 4246 vertebra
1010 4131 1178 4222 sacrali
1206 4133 1375 4250 prima,
1409 4161 1530 4251 quae
1572 4134 1675 4251 ipsa
1711 4132 1776 4222 9¹¹⁴
1807 4132 2106 4226 altitudinem
2146 4136 2301 4246 habet,

488 4263 647 4396 paries
674 4277 755 4366 ille
786 4275 1007 4382 anterior,
1038 4273 1101 4364 ad
1132 4304 1304 4364 cavum
1344 4273 1492 4393 pelvis
1523 4286 1746 4390 spectans,
1783 4286 1969 4362 tantum
2003 4277 2068 4364 9’”
2097 4279 2168 4367 sit.
2228 4277 2301 4370 De

489 4417 583 4507 hac
605 4419 853 4538 praecipiti
883 4415 1130 4538 superficie
1159 4418 1403 4506 articulari
1428 4411 1645 4514 vertebra
1672 4415 1897 4505 lumbalis
1934 4420 2101 4538 quinta
2130 4422 2193 4509 ita
2229 4420 2304 4510 de-

491 4561 621 4679 lapsa
654 4575 720 4652 est
750 4561 970 4651 deorsum
1008 4563 1388 4682 anteriorumque
1415 4573 1599 4678 partem
1636 4586 1816 4666 versus,
1847 4573 1902 4648 ut
1934 4560 2203 4681 superficies
2233 4593 2304 4652 ar·

487 4705 700 4794 ticularis
739 4705 936 4795 inferior
965 4707 1113 4823 ipsius
1146 4703 1359 4824 corporis
1396 4700 1646 4792 vertebrali
1683 4702 1822 4820 plane
1854 4700 2089 4792 denudata
2128 4707 2189 4796 sit
2218 4735 2304 4826 per

491 4844 610 4936 5ad
644 4845 708 4934 6¹⁴⁴
739 4845 999 4966 eademque
1035 4842 1151 4936 adeo
1194 4847 1245 4934 in
1290 4845 1437 4962 ipsius
1480 4845 1629 4963 pelvis
1666 4844 1919 4932 circuitum
1960 4847 2219 4953 immineat,
2251 4863 2305 4937 ut

491 4980 587 5078 iton
618 4990 773 5080 solum
796 5005 892 5080 tota
913 4988 1184 5110 superficies
1213 4989 1422 5079 anterior
1440 4987 1683 5078 vertebrae
1712 4987 1902 5076 sacralis
1917 4989 2113 5108 primae,
2135 5019 2305 5080 verum

489 5135 632 5224 etiam
662 5137 905 5254 particula,
932 5132 1064 5254 quae'
1073 5136 1290 5254 proxima
1313 5135 1439 5223 ultra
1470 5162 1573 5221 eam
1605 5143 1681 5236 est,
1713 5129 1883 5218 ultima
1901 5129 2118 5219 vertebra
2139 5134 2305 5222 sacrali

490 5267 749 5397 obtegatur.
810 5276 967 5366 Huius
1001 5293 1158 5368 tamen
1188 5273 1460 5397 superficies
1486 5271 1617 5358 artic.
1647 5271 1728 5357 inf.
1756 5271 1954 5358 minime
1991 5301 2076 5390 per
2111 5285 2300 5362 tenuem

490 5422 811 5541 cartilaginem
835 5423 1054 5542 contigua
1075 5435 1140 5512 est
1168 5423 1256 5510 toti
1282 5417 1451 5541 parieti
1473 5413 1697 5504 anteriori
1723 5411 1966 5504 vertebrae
1995 5416 2183 5504 sacratis
2207 5416 2300 5535 pri-

488 5591 615 5651 mae:
653 5563 805 5652 immo
836 5564 1037 5654 huiusce
1067 5594 1177 5653 cum
1214 5566 1352 5654 tertia
1390 5577 1577 5654 tantum
1607 5572 1739 5678 parte
1769 5559 2012 5678 superiore
2049 5560 2303 5650 cohaerens

1976 5701 2000 5774 4
