5226 7298
379 1010 389 1029 ·
537 963 637 1055 Nec
652 978 808 1051 tamen
835 957 1078 1048 rediebant
1103 958 1174 1045 illi
1199 959 1336 1046 certis
1354 955 1640 1076 quibusdam
1664 958 1922 1047 intervallis
1941 963 2239 1080 interpositis,
2264 994 2350 1057 nec

539 1112 638 1199 sine
668 1104 892 1194 molestiis
917 1101 1358 1222 dysmenorrhoieis,
1393 1129 1516 1220 quae
1546 1101 1728 1218 alioqui
1758 1088 1850 1189 non
1886 1106 2033 1221 magis
2064 1135 2210 1225 quam
2238 1121 2350 1197 tem·

539 1252 727 1370 pestatis
771 1247 1123 1335 immutationes
1159 1247 1258 1333 vim
1290 1257 1600 1335 exercuerunt
1642 1245 1691 1330 in
1723 1245 1883 1334 fatales
1918 1248 2024 1334 illos
2064 1246 2248 1336 dolores
2284 1279 2351 1339 sa·

541 1394 696 1498 crales,
730 1393 976 1480 continuos
1010 1388 1217 1507 quidem,
1251 1401 1530 1476 nontamen
1564 1387 1807 1474 anxiferos.

658 1538 799 1622 Anno
835 1533 1003 1622 deinde
1044 1534 1283 1621 tricesimo
1323 1545 1496 1647 quarto
1528 1521 1684 1639 (1844)
1724 1527 1931 1617 nubendi
1981 1548 2113 1619 nacta
2147 1535 2348 1622 occasio-

541 1710 663 1784 nem,
701 1708 803 1767 eam
836 1706 930 1764 non
963 1679 1133 1766 omisit.
1175 1676 1303 1762 Anni
1333 1687 1493 1762 autem
1522 1674 1674 1790 spatio
1704 1675 2034 1790 praeterlapso,
2066 1677 2222 1790 prima
2252 1707 2349 1767 sese

539 1823 798 1941 eademque
819 1822 1074 1910 certissima
1105 1817 1280 1905 indicia
1315 1817 1672 1905 manifestarunt
1695 1815 1998 1934 graviditatis,
2031 1819 2166 1904 cuius
2191 1834 2349 1915 tamen

539 1968 775 2086 legitimus
812 1964 1035 2054 decursus
1067 1976 1251 2079 praeter
1288 1960 1674 2076 exspectationem
1713 1974 1854 2077 partu
1893 1961 2153 2047 immaturo
2185 1965 2348 2077 paucis

538 2108 778 2199 mensibus
814 2122 917 2226 post
951 2109 1244 2223 interruptus
1273 2118 1349 2192 est.

661 2256 798 2340 Anno
829 2250 1021 2337 derisum
1055 2263 1174 2366 post,
1208 2249 1237 2333 i.
1276 2277 1313 2335 e.
1344 2244 1433 2334 sub
1466 2243 1610 2335 finem
1645 2246 1757 2333 anni
1786 2246 1959 2334 iterum
1997 2247 2187 2364 gravida
2219 2249 2349 2358 lacta,

540 2397 638 2487 sine
674 2394 847 2483 abortu
893 2393 1108 2512 pervenit
1154 2389 1213 2478 ad
1251 2387 1543 2507 graviditatis
1585 2385 1644 2476 ab
1685 2390 1785 2507 ipsa
1830 2403 1998 2476 natura
2042 2394 2350 2485 constitutum

542 2539 801 2628 terminum
840 2537 1117 2653 legitimum.
1177 2530 1347 2623 Partui
1376 2561 1486 2620 vero
1517 2532 1725 2620 naturali
1762 2532 1835 2618 via
1866 2533 2130 2653 peragendo
2155 2550 2225 2624 tot
2256 2552 2353 2627 tan·

541 2697 684 2800 taque
704 2677 1041 2798 impedimenta
1069 2674 1361 2781 obstiterunt,
1382 2691 1438 2764 ut
1463 2690 1702 2792 postremo
1723 2674 1783 2763 ad
1803 2677 2054 2766 sectionem
2090 2708 2350 2771 caesaream

543 2821 907 2942 confugiendum
940 2835 1065 2911 esset.
1118 2818 1275 2909 Huius
1302 2834 1460 2908 autem
1495 2821 2079 2935 operationisaccuratam
2113 2825 2355 2939 expositio-

541 2997 648 3054 nem
681 2968 730 3053 in
758 2978 986 3084 promptu
1018 2992 1111 3051 non
1149 2960 1408 3053 habemus;
1440 2962 1562 3051 nihil
1592 2976 1783 3066 constat,
1813 2964 1901 3050 nisi
1933 2965 2081 3052 fetum
2118 2965 2168 3049 in
2201 2968 2354 3057 lucem

541 3123 837 3230 protractum
874 3136 1067 3227 prorsus
1097 3121 1341 3197 maturum
1377 3109 1852 3223 fuisse-matremque
1873 3108 2023 3222 ipsam
2058 3105 2175 3197 adeo
2206 3108 2355 3199 fausta

541 3252 815 3341 condicione
857 3282 988 3340 usam
1036 3282 1150 3357 esse,
1192 3266 1247 3339 ut
1277 3266 1381 3369 post
1412 3249 1743 3339 duodecimam
1784 3251 1877 3335 iam
1919 3247 2264 3340 hebdomadem
2299 3254 2352 3341 in

540 3395 790 3515 publicum
818 3393 1010 3512 prodire
1032 3410 1077 3483 et
1101 3396 1284 3513 negotia
1313 3422 1395 3482 sua
1424 3391 1648 3511 perficere
1674 3406 1837 3511 posset.
1877 3395 2109 3495 Attamen,
2144 3393 2192 3481 id
2224 3393 2356 3514 quod

542 3537 678 3627 valde
703 3537 961 3627 dolendum
992 3538 1099 3644 fuit,
1127 3568 1299 3657 parum
1333 3536 1528 3656 diligens
1566 3516 1693 3624 cura¹
1717 3533 1951 3640 effecerat,
1982 3550 2034 3623 ut
2076 3537 2354 3629 residentem

542 3683 591 3770 in
637 3682 760 3769 linea
809 3679 914 3770 alba
961 3683 1211 3772 sectionem
1263 3709 1430 3769 manca
1477 3677 1813 3768 tantummodo
1862 3681 2057 3767 cicatrix
2100 3677 2356 3799 obtegeret:

542 3852 690 3942 quare
719 3837 816 3911 tota
840 3825 920 3913 illa
952 3825 1191 3915 malorum
1225 3825 1647 3941 molestiarumque
1678 3823 1862 3926 cohors,
1895 3852 1922 3909 a
1954 3825 2182 3913 musculis
2213 3823 2357 3914 abdo

543 3964 801 4057 minalibus
831 3969 1106 4085 imperfecta
1140 3968 1481 4057 cicatrisatione
1511 3967 1720 4072 occlusis
1753 3968 2039 4055 consectaria
2076 3967 2180 4055 fuit.

659 4108 818 4197 Medio
852 4109 1020 4200 deinde
1059 4140 1184 4199 anno
1214 4117 1324 4201 tata
1366 4112 1504 4200 tertia
1533 4109 1699 4199 incidit
1735 4110 2009 4227 granditas,
2060 4142 2184 4231 quae
2216 4112 2356 4201 initio

541 4254 629 4341 rite
672 4250 946 4368 procedens,
992 4253 1278 4373 quibusnam
1315 4253 1373 4344 de
1413 4254 1589 4342 caussis
1627 4283 1784 4343 mense
1827 4251 2051 4342 Ianuario
2087 4259 2195 4343 anni
2243 4264 2356 4344 1850

541 4410 683 4514 partu
726 4397 987 4486 immaturo
1024 4426 1337 4515 praepropere
1381 4396 1564 4486 sublata
1602 4399 1680 4502 sit,
1712 4398 1844 4485 nullo
1886 4397 2031 4486 modo
2070 4400 2226 4516 potuit
2256 4430 2358 4517 per-

542 4542 673 4656 spici.
744 4535 971 4629 Infantuli
1014 4541 1275 4629 tenuissimi
1318 4537 1691 4658 debilissimique
1735 4542 1880 4628 trium
1923 4555 2078 4629 tamen
2120 4542 2354 4634 horarum

543 4682 639 4768 vita
675 4682 782 4785 fuis
817 4698 969 4773 mater
999 4685 1101 4801 ipsa
1136 4697 1205 4772 sat
1238 4683 1359 4772 bene
1388 4685 1549 4772 valuit.

660 4819 829 4916 Paucis
877 4842 1062 4914 tantum
1107 4824 1347 4916 mensibus
1387 4827 1693 4945 interpositis,
1726 4841 1898 4946 quarto
1929 4856 1977 4915 se
2014 4844 2213 4919 matrem
2257 4861 2352 4921 esse

542 4981 760 5055 matrona
778 4971 920 5059 sensit
943 4971 1098 5087 Aprili
1126 4971 1237 5059 arani
1263 4979 1388 5077 1850,
1418 4985 1672 5090 postquam
1692 4984 1903 5059 extremo
1917 4969 2093 5061 Martio
2111 4990 2351 5064 menstrua

541 5111 868 5227 profluxerunt
909 5116 1135 5203 consolita
1165 5116 1442 5234 optimaque
1476 5116 1667 5204 ratione.
1732 5111 1964 5203 Universa
1993 5116 2214 5231 gravidae
2245 5148 2353 5208 con·

540 5250 666 5341 dicio
696 5272 767 5344 sat
794 5256 919 5346 bona
957 5256 1059 5345 fuit.
1119 5256 1278 5347 Mense
1307 5255 1572 5379 Septembri
1609 5259 1756 5376 primi
1788 5258 1907 5346 fetus
1937 5273 2095 5348 motus
2127 5260 2350 5378 distingui

488 5416 493 5444 ¹
538 5409 766 5514 poterant.
