<?xml version="1.0" encoding="UTF-8"?>
<!DOCTYPE html PUBLIC "-//W3C//DTD XHTML 1.0 Transitional//EN"
    "http://www.w3.org/TR/xhtml1/DTD/xhtml1-transitional.dtd">
<html xmlns="http://www.w3.org/1999/xhtml" xml:lang="en" lang="en">
 <head>
  <title>
</title>
<meta http-equiv="Content-Type" content="text/html;charset=utf-8" />
  <meta name='ocr-system' content='tesseract 3.04.00' />
  <meta name='ocr-capabilities' content='ocr_page ocr_carea ocr_par ocr_line ocrx_word'/>
</head>
<body>
  <div class='ocr_page' id='page_1' title='image "./despondylolisth00kiligoog_0030.png"; bbox 0 0 5226 7298; ppageno 0'>
   <div class='ocr_carea' id='block_1_1' title="bbox 437 985 2255 2112">
    <p class='ocr_par' dir='ltr' id='par_1_1' title="bbox 437 985 2255 1399">
     <span class='ocr_line' id='line_1_1' title="bbox 439 985 2255 1116; baseline 0.002 -30"><span class='ocrx_word' id='word_1_1' title='bbox 439 991 655 1085; x_wconf 82' lang='lat' dir='ltr'><strong>vertebra</strong></span> <span class='ocrx_word' id='word_1_2' title='bbox 695 988 846 1079; x_wconf 88' lang='lat' dir='ltr'><strong>lumb.</strong></span> <span class='ocrx_word' id='word_1_3' title='bbox 888 989 1056 1108; x_wconf 88' lang='lat' dir='ltr'><strong>quinta</strong></span> <span class='ocrx_word' id='word_1_4' title='bbox 1099 985 1275 1078; x_wconf 77' lang='lat' dir='ltr'>recedit</span> <span class='ocrx_word' id='word_1_5' title='bbox 1320 989 1592 1107; x_wconf 81' lang='lat' dir='ltr'><strong>paullulum</strong></span> <span class='ocrx_word' id='word_1_6' title='bbox 1636 991 1874 1116; x_wconf 89' lang='lat' dir='ltr'><strong>distatque</strong></span> <span class='ocrx_word' id='word_1_7' title='bbox 1917 1000 2094 1087; x_wconf 66' lang='lat' dir='ltr'><strong>t—tm.</strong></span> <span class='ocrx_word' id='word_1_8' title='bbox 2161 996 2255 1090; x_wconf 86' lang='lat' dir='ltr'><strong>Sed</strong></span> 
     </span>
     <span class='ocr_line' id='line_1_2' title="bbox 437 1131 2254 1259; baseline 0.001 -30"><span class='ocrx_word' id='word_1_9' title='bbox 437 1140 560 1229; x_wconf 91' lang='lat' dir='ltr'><strong>haec</strong></span> <span class='ocrx_word' id='word_1_10' title='bbox 601 1136 762 1225; x_wconf 91' lang='lat' dir='ltr'><strong>omnia</strong></span> <span class='ocrx_word' id='word_1_11' title='bbox 799 1136 846 1223; x_wconf 92' lang='lat' dir='ltr'><strong>in</strong></span> <span class='ocrx_word' id='word_1_12' title='bbox 878 1132 1041 1221; x_wconf 88' lang='lat' dir='ltr'><strong>tabula</strong></span> <span class='ocrx_word' id='word_1_13' title='bbox 1073 1131 1174 1234; x_wconf 84' lang='lat' dir='ltr'><strong>illa,</strong></span> <span class='ocrx_word' id='word_1_14' title='bbox 1211 1133 1363 1250; x_wconf 89' lang='lat' dir='ltr'><strong>ipsam</strong></span> <span class='ocrx_word' id='word_1_15' title='bbox 1394 1133 1573 1251; x_wconf 82' lang='lat' dir='ltr'><strong>pelvim</strong></span> <span class='ocrx_word' id='word_1_16' title='bbox 1608 1136 1843 1229; x_wconf 88' lang='lat' dir='ltr'><strong>imitando</strong></span> <span class='ocrx_word' id='word_1_17' title='bbox 1870 1157 2254 1259; x_wconf 78' lang='lat' dir='ltr'><strong>repraesentante,</strong></span> 
     </span>
     <span class='ocr_line' id='line_1_3' title="bbox 442 1274 1731 1399; baseline 0 -28"><span class='ocrx_word' id='word_1_18' title='bbox 442 1282 616 1372; x_wconf 90' lang='lat' dir='ltr'><strong>clarius</strong></span> <span class='ocrx_word' id='word_1_19' title='bbox 645 1308 793 1399; x_wconf 90' lang='lat' dir='ltr'><strong>quam</strong></span> <span class='ocrx_word' id='word_1_20' title='bbox 824 1291 982 1365; x_wconf 85' lang='lat' dir='ltr'><strong>nostra</strong></span> <span class='ocrx_word' id='word_1_21' title='bbox 1013 1274 1331 1393; x_wconf 77' lang='lat' dir='ltr'><strong>descriptione</strong></span> <span class='ocrx_word' id='word_1_22' title='bbox 1361 1278 1731 1396; x_wconf 89' lang='lat' dir='ltr'><strong>conspiciuntur.</strong></span> 
     </span>
    </p>

    <p class='ocr_par' dir='ltr' id='par_1_2' title="bbox 441 1418 2255 2112">
     <span class='ocr_line' id='line_1_4' title="bbox 559 1418 2255 1541; baseline 0.001 -28"><span class='ocrx_word' id='word_1_23' title='bbox 559 1418 794 1541; x_wconf 82' lang='lat' dir='ltr'><strong>Cartilago</strong></span> <span class='ocrx_word' id='word_1_24' title='bbox 807 1418 847 1525; x_wconf 72' lang='lat'><strong>⁴)</strong></span> <span class='ocrx_word' id='word_1_25' title='bbox 891 1420 973 1507; x_wconf 88' lang='lat' dir='ltr'><strong>illa</strong></span> <span class='ocrx_word' id='word_1_26' title='bbox 1011 1419 1135 1508; x_wconf 84' lang='lat' dir='ltr'><strong>inter</strong></span> <span class='ocrx_word' id='word_1_27' title='bbox 1176 1418 1415 1509; x_wconf 75' lang='lat' dir='ltr'><strong>vertebras</strong></span> <span class='ocrx_word' id='word_1_28' title='bbox 1454 1421 1714 1512; x_wconf 87' lang='lat' dir='ltr'><strong>lumbalem</strong></span> <span class='ocrx_word' id='word_1_29' title='bbox 1745 1438 1791 1514; x_wconf 91' lang='lat' dir='ltr'><strong>et</strong></span> <span class='ocrx_word' id='word_1_30' title='bbox 1818 1426 2046 1514; x_wconf 91' lang='lat' dir='ltr'><strong>sacralem</strong></span> <span class='ocrx_word' id='word_1_31' title='bbox 2083 1426 2255 1517; x_wconf 86' lang='lat' dir='ltr'><strong>retror-</strong></span> 
     </span>
     <span class='ocr_line' id='line_1_5' title="bbox 441 1562 2255 1686; baseline -0.001 -26"><span class='ocrx_word' id='word_1_32' title='bbox 441 1601 548 1661; x_wconf 90' lang='lat' dir='ltr'><strong>sum</strong></span> <span class='ocrx_word' id='word_1_33' title='bbox 584 1583 682 1657; x_wconf 87' lang='lat' dir='ltr'><strong>tota</strong></span> <span class='ocrx_word' id='word_1_34' title='bbox 719 1594 866 1685; x_wconf 89' lang='lat' dir='ltr'><strong>paene</strong></span> <span class='ocrx_word' id='word_1_35' title='bbox 896 1565 1107 1670; x_wconf 85' lang='lat' dir='ltr'><strong>evanuit,</strong></span> <span class='ocrx_word' id='word_1_36' title='bbox 1147 1577 1310 1652; x_wconf 86' lang='lat' dir='ltr'><strong>contra</strong></span> <span class='ocrx_word' id='word_1_37' title='bbox 1344 1562 1403 1651; x_wconf 87' lang='lat' dir='ltr'><strong>ad</strong></span> <span class='ocrx_word' id='word_1_38' title='bbox 1436 1563 1641 1652; x_wconf 89' lang='lat' dir='ltr'><strong>mediam</strong></span> <span class='ocrx_word' id='word_1_39' title='bbox 1679 1581 1863 1682; x_wconf 90' lang='lat' dir='ltr'><strong>partem</strong></span> <span class='ocrx_word' id='word_1_40' title='bbox 1898 1570 2063 1686; x_wconf 88' lang='lat' dir='ltr'><strong>paullo</strong></span> <span class='ocrx_word' id='word_1_41' title='bbox 2093 1568 2255 1661; x_wconf 89' lang='lat' dir='ltr'><strong>distin·</strong></span> 
     </span>
     <span class='ocr_line' id='line_1_6' title="bbox 443 1707 2253 1831; baseline -0.002 -27"><span class='ocrx_word' id='word_1_42' title='bbox 443 1711 563 1805; x_wconf 91' lang='lat' dir='ltr'><strong>ctius</strong></span> <span class='ocrx_word' id='word_1_43' title='bbox 591 1724 787 1831; x_wconf 89' lang='lat' dir='ltr'><strong>apparet</strong></span> <span class='ocrx_word' id='word_1_44' title='bbox 824 1721 968 1828; x_wconf 88' lang='lat' dir='ltr'><strong>atque</strong></span> <span class='ocrx_word' id='word_1_45' title='bbox 998 1708 1046 1795; x_wconf 92' lang='lat' dir='ltr'><strong>in</strong></span> <span class='ocrx_word' id='word_1_46' title='bbox 1080 1709 1182 1825; x_wconf 89' lang='lat' dir='ltr'><strong>ipsa</strong></span> <span class='ocrx_word' id='word_1_47' title='bbox 1217 1719 1350 1824; x_wconf 87' lang='lat' dir='ltr'><strong>parte</strong></span> <span class='ocrx_word' id='word_1_48' title='bbox 1389 1707 1542 1794; x_wconf 87' lang='lat' dir='ltr'><strong>antica</strong></span> <span class='ocrx_word' id='word_1_49' title='bbox 1574 1724 1641 1795; x_wconf 87' lang='lat' dir='ltr'><strong>est</strong></span> <span class='ocrx_word' id='word_1_50' title='bbox 1683 1710 2072 1800; x_wconf 88' lang='lat' dir='ltr'><strong>manifestissima.</strong></span> <span class='ocrx_word' id='word_1_51' title='bbox 2130 1708 2253 1802; x_wconf 88' lang='lat' dir='ltr'><strong>Nus·</strong></span> 
     </span>
     <span class='ocr_line' id='line_1_7' title="bbox 441 1845 2255 1978; baseline -0.002 -32"><span class='ocrx_word' id='word_1_52' title='bbox 441 1888 590 1978; x_wconf 88' lang='lat' dir='ltr'><strong>quam</strong></span> <span class='ocrx_word' id='word_1_53' title='bbox 622 1871 779 1943; x_wconf 83' lang='lat' dir='ltr'><strong>tamen</strong></span> <span class='ocrx_word' id='word_1_54' title='bbox 807 1854 882 1941; x_wconf 82' lang='lat' dir='ltr'><strong>rel</strong></span> <span class='ocrx_word' id='word_1_55' title='bbox 912 1853 961 1939; x_wconf 89' lang='lat' dir='ltr'><strong>in</strong></span> <span class='ocrx_word' id='word_1_56' title='bbox 994 1847 1216 1967; x_wconf 86' lang='lat' dir='ltr'><strong>Pragensi</strong></span> <span class='ocrx_word' id='word_1_57' title='bbox 1252 1849 1327 1936; x_wconf 86' lang='lat' dir='ltr'><strong>vel</strong></span> <span class='ocrx_word' id='word_1_58' title='bbox 1357 1848 1406 1935; x_wconf 89' lang='lat' dir='ltr'><strong>in</strong></span> <span class='ocrx_word' id='word_1_59' title='bbox 1436 1845 1811 1940; x_wconf 88' lang='lat' dir='ltr'><strong>Paderhornensi</strong></span> <span class='ocrx_word' id='word_1_60' title='bbox 1843 1852 1970 1971; x_wconf 91' lang='lat' dir='ltr'><strong>pelvi</strong></span> <span class='ocrx_word' id='word_1_61' title='bbox 2001 1854 2157 1943; x_wconf 90' lang='lat' dir='ltr'><strong>ullum</strong></span> <span class='ocrx_word' id='word_1_62' title='bbox 2186 1857 2255 1943; x_wconf 90' lang='lat' dir='ltr'><strong>in·</strong></span> 
     </span>
     <span class='ocr_line' id='line_1_8' title="bbox 441 1993 1412 2112; baseline -0.011 -22"><span class='ocrx_word' id='word_1_63' title='bbox 441 2003 632 2092; x_wconf 78' lang='lat' dir='ltr'><strong>venitur</strong></span> <span class='ocrx_word' id='word_1_64' title='bbox 663 1997 897 2086; x_wconf 89' lang='lat' dir='ltr'><strong>indicium</strong></span> <span class='ocrx_word' id='word_1_65' title='bbox 929 2023 1067 2097; x_wconf 82' lang='lat' dir='ltr'><strong>verae</strong></span> <span class='ocrx_word' id='word_1_66' title='bbox 1098 1993 1412 2112; x_wconf 81' lang='lat' dir='ltr'><strong>anchyloseos.</strong></span> 
     </span>
    </p>
   </div>
   <div class='ocr_carea' id='block_1_2' title="bbox 563 2134 2408 2271">
    <p class='ocr_par' dir='ltr' id='par_1_3' title="bbox 563 2134 2408 2271">
     <span class='ocr_line' id='line_1_9' title="bbox 563 2134 2408 2271; baseline 0.002 -42"><span class='ocrx_word' id='word_1_67' title='bbox 563 2140 745 2231; x_wconf 88' lang='lat' dir='ltr'><strong>Ultima</strong></span> <span class='ocrx_word' id='word_1_68' title='bbox 774 2136 989 2227; x_wconf 79' lang='lat' dir='ltr'><strong>vertebra</strong></span> <span class='ocrx_word' id='word_1_69' title='bbox 1016 2134 1251 2241; x_wconf 80' lang='lat' dir='ltr'><strong>lumbulis,</strong></span> <span class='ocrx_word' id='word_1_70' title='bbox 1283 2137 1503 2255; x_wconf 80' lang='lat' dir='ltr'><strong>quamvis</strong></span> <span class='ocrx_word' id='word_1_71' title='bbox 1532 2150 1773 2255; x_wconf 89' lang='lat' dir='ltr'><strong>tantopere</strong></span> <span class='ocrx_word' id='word_1_72' title='bbox 1798 2135 2037 2251; x_wconf 77' lang='lat' dir='ltr'><strong>deciderit,</strong></span> <span class='ocrx_word' id='word_1_73' title='bbox 2066 2154 2121 2227; x_wconf 87' lang='lat' dir='ltr'><strong>ut</strong></span> <span class='ocrx_word' id='word_1_74' title='bbox 2151 2142 2252 2232; x_wconf 84' lang='lat' dir='ltr'><strong>eius</strong></span> <span class='ocrx_word' id='word_1_75' title='bbox 2402 2260 2408 2271; x_wconf 19' lang='grc' dir='ltr'><strong>ι</strong></span> 
     </span>
    </p>
   </div>
   <div class='ocr_carea' id='block_1_3' title="bbox 356 2277 2355 5135">
    <p class='ocr_par' dir='ltr' id='par_1_4' title="bbox 440 2277 2260 3664">
     <span class='ocr_line' id='line_1_10' title="bbox 440 2277 2254 2407; baseline -0.004 -29"><span class='ocrx_word' id='word_1_76' title='bbox 440 2285 712 2407; x_wconf 88' lang='lat' dir='ltr'><strong>superficies</strong></span> <span class='ocrx_word' id='word_1_77' title='bbox 741 2283 950 2371; x_wconf 87' lang='lat' dir='ltr'><strong>anterior</strong></span> <span class='ocrx_word' id='word_1_78' title='bbox 987 2295 1172 2368; x_wconf 88' lang='lat' dir='ltr'><strong>tantum</strong></span> <span class='ocrx_word' id='word_1_79' title='bbox 1207 2308 1299 2368; x_wconf 92' lang='lat' dir='ltr'><strong>non</strong></span> <span class='ocrx_word' id='word_1_80' title='bbox 1334 2292 1460 2368; x_wconf 87' lang='lat' dir='ltr'><strong>recta</strong></span> <span class='ocrx_word' id='word_1_81' title='bbox 1493 2279 1570 2367; x_wconf 85' lang='lat' dir='ltr'><strong>via</strong></span> <span class='ocrx_word' id='word_1_82' title='bbox 1610 2277 1831 2369; x_wconf 88' lang='lat' dir='ltr'><strong>deorsum</strong></span> <span class='ocrx_word' id='word_1_83' title='bbox 1862 2282 2154 2400; x_wconf 83' lang='lat' dir='ltr'><strong>porrigatur,</strong></span> <span class='ocrx_word' id='word_1_84' title='bbox 2189 2299 2254 2373; x_wconf 88' lang='lat' dir='ltr'><strong>ta-</strong></span> 
     </span>
     <span class='ocr_line' id='line_1_11' title="bbox 442 2420 2254 2548; baseline -0.001 -29"><span class='ocrx_word' id='word_1_85' title='bbox 442 2463 552 2521; x_wconf 92' lang='lat' dir='ltr'><strong>men</strong></span> <span class='ocrx_word' id='word_1_86' title='bbox 589 2427 797 2548; x_wconf 91' lang='lat' dir='ltr'><strong>pondere</strong></span> <span class='ocrx_word' id='word_1_87' title='bbox 839 2427 1088 2515; x_wconf 86' lang='lat' dir='ltr'><strong>columnae</strong></span> <span class='ocrx_word' id='word_1_88' title='bbox 1127 2420 1453 2512; x_wconf 80' lang='lat' dir='ltr'><strong>vertebrarum</strong></span> <span class='ocrx_word' id='word_1_89' title='bbox 1487 2452 1582 2509; x_wconf 93' lang='lat' dir='ltr'><strong>non</strong></span> <span class='ocrx_word' id='word_1_90' title='bbox 1615 2452 1717 2510; x_wconf 92' lang='lat' dir='ltr'><strong>eam</strong></span> <span class='ocrx_word' id='word_1_91' title='bbox 1751 2452 1885 2538; x_wconf 90' lang='lat' dir='ltr'><strong>passa</strong></span> <span class='ocrx_word' id='word_1_92' title='bbox 1923 2437 1990 2514; x_wconf 87' lang='lat' dir='ltr'><strong>est</strong></span> <span class='ocrx_word' id='word_1_93' title='bbox 2022 2452 2254 2545; x_wconf 87' lang='lat' dir='ltr'><strong>compres-</strong></span> 
     </span>
     <span class='ocr_line' id='line_1_12' title="bbox 443 2562 2254 2691; baseline -0.004 -27"><span class='ocrx_word' id='word_1_94' title='bbox 443 2576 637 2678; x_wconf 88' lang='lat' dir='ltr'><strong>sionem,</strong></span> <span class='ocrx_word' id='word_1_95' title='bbox 662 2600 809 2691; x_wconf 91' lang='lat' dir='ltr'><strong>quam</strong></span> <span class='ocrx_word' id='word_1_96' title='bbox 840 2570 1137 2687; x_wconf 85' lang='lat' dir='ltr'><strong>repperimus</strong></span> <span class='ocrx_word' id='word_1_97' title='bbox 1173 2568 1409 2684; x_wconf 90' lang='lat' dir='ltr'><strong>inpriore</strong></span> <span class='ocrx_word' id='word_1_98' title='bbox 1439 2566 1522 2653; x_wconf 91' lang='lat' dir='ltr'><strong>illa</strong></span> <span class='ocrx_word' id='word_1_99' title='bbox 1557 2566 1698 2683; x_wconf 87' lang='lat' dir='ltr'><strong>pelvi.</strong></span> <span class='ocrx_word' id='word_1_100' title='bbox 1735 2562 1924 2655; x_wconf 86' lang='lat' dir='ltr'><strong>Etenim</strong></span> <span class='ocrx_word' id='word_1_101' title='bbox 1953 2567 2037 2657; x_wconf 90' lang='lat' dir='ltr'><strong>hic</strong></span> <span class='ocrx_word' id='word_1_102' title='bbox 2055 2568 2254 2688; x_wconf 90' lang='lat' dir='ltr'><strong>quidem</strong></span> 
     </span>
     <span class='ocr_line' id='line_1_13' title="bbox 443 2707 2254 2829; baseline -0.004 -20"><span class='ocrx_word' id='word_1_103' title='bbox 443 2748 497 2809; x_wconf 88' lang='lat' dir='ltr'><strong>ea</strong></span> <span class='ocrx_word' id='word_1_104' title='bbox 527 2713 671 2805; x_wconf 91' lang='lat' dir='ltr'><strong>habet</strong></span> <span class='ocrx_word' id='word_1_105' title='bbox 703 2715 750 2800; x_wconf 90' lang='lat' dir='ltr'><strong>in</strong></span> <span class='ocrx_word' id='word_1_106' title='bbox 783 2712 1015 2800; x_wconf 89' lang='lat' dir='ltr'><strong>anteriore</strong></span> <span class='ocrx_word' id='word_1_107' title='bbox 1035 2724 1171 2829; x_wconf 90' lang='lat' dir='ltr'><strong>parte</strong></span> <span class='ocrx_word' id='word_1_108' title='bbox 1200 2707 1500 2798; x_wconf 89' lang='lat' dir='ltr'><strong>altitudinem</strong></span> <span class='ocrx_word' id='word_1_109' title='bbox 1526 2710 1630 2812; x_wconf 63' lang='lat' dir='ltr'><strong>lim,</strong></span> <span class='ocrx_word' id='word_1_110' title='bbox 1662 2711 1712 2797; x_wconf 90' lang='lat' dir='ltr'><strong>in</strong></span> <span class='ocrx_word' id='word_1_111' title='bbox 1743 2710 2001 2827; x_wconf 90' lang='lat' dir='ltr'><strong>posteriore</strong></span> <span class='ocrx_word' id='word_1_112' title='bbox 2026 2710 2143 2801; x_wconf 91' lang='lat' dir='ltr'><strong>adeo</strong></span> <span class='ocrx_word' id='word_1_113' title='bbox 2166 2713 2254 2802; x_wconf 82' lang='lat'><strong><em>8¹⁴¹:</em></strong></span> 
     </span>
     <span class='ocr_line' id='line_1_14' title="bbox 443 2852 2257 2978; baseline -0.003 -26"><span class='ocrx_word' id='word_1_114' title='bbox 443 2863 580 2952; x_wconf 91' lang='lat' dir='ltr'><strong>cuius</strong></span> <span class='ocrx_word' id='word_1_115' title='bbox 610 2858 805 2978; x_wconf 90' lang='lat' dir='ltr'><strong>quidem</strong></span> <span class='ocrx_word' id='word_1_116' title='bbox 830 2857 1025 2944; x_wconf 88' lang='lat' dir='ltr'><strong>maioris</strong></span> <span class='ocrx_word' id='word_1_117' title='bbox 1053 2855 1331 2972; x_wconf 77' lang='lat' dir='ltr'><strong>integritatis</strong></span> <span class='ocrx_word' id='word_1_118' title='bbox 1356 2882 1566 2942; x_wconf 86' lang='lat' dir='ltr'><strong>caussam</strong></span> <span class='ocrx_word' id='word_1_119' title='bbox 1586 2852 1730 2942; x_wconf 91' lang='lat' dir='ltr'><strong>credo</strong></span> <span class='ocrx_word' id='word_1_120' title='bbox 1758 2884 1852 2942; x_wconf 90' lang='lat' dir='ltr'><strong>non</strong></span> <span class='ocrx_word' id='word_1_121' title='bbox 1884 2853 2257 2946; x_wconf 87' lang='lat' dir='ltr'><strong>haesitabundus</strong></span> 
     </span>
     <span class='ocr_line' id='line_1_15' title="bbox 441 2990 2257 3121; baseline -0.001 -30"><span class='ocrx_word' id='word_1_122' title='bbox 441 3004 491 3091; x_wconf 90' lang='lat' dir='ltr'><strong>in</strong></span> <span class='ocrx_word' id='word_1_123' title='bbox 529 3016 585 3091; x_wconf 79' lang='lat' dir='ltr'><strong>&#39;eo</strong></span> <span class='ocrx_word' id='word_1_124' title='bbox 617 2990 819 3121; x_wconf 84' lang='lat' dir='ltr'><strong>positam</strong></span> <span class='ocrx_word' id='word_1_125' title='bbox 852 3031 973 3106; x_wconf 89' lang='lat' dir='ltr'><strong>esse,</strong></span> <span class='ocrx_word' id='word_1_126' title='bbox 1016 2997 1147 3118; x_wconf 90' lang='lat' dir='ltr'><strong>quod</strong></span> <span class='ocrx_word' id='word_1_127' title='bbox 1183 2995 1315 3085; x_wconf 87' lang='lat' dir='ltr'><strong>haud</strong></span> <span class='ocrx_word' id='word_1_128' title='bbox 1363 2995 1593 3086; x_wconf 89' lang='lat' dir='ltr'><strong>mediocri</strong></span> <span class='ocrx_word' id='word_1_129' title='bbox 1632 2995 1717 3084; x_wconf 89' lang='lat' dir='ltr'><strong>illa</strong></span> <span class='ocrx_word' id='word_1_130' title='bbox 1755 2998 2069 3102; x_wconf 87' lang='lat' dir='ltr'><strong>inclinatione,</strong></span> <span class='ocrx_word' id='word_1_131' title='bbox 2109 3029 2257 3119; x_wconf 92' lang='lat' dir='ltr'><strong>quam</strong></span> 
     </span>
     <span class='ocr_line' id='line_1_16' title="bbox 442 3139 2260 3264; baseline -0.003 -30"><span class='ocrx_word' id='word_1_132' title='bbox 442 3143 713 3264; x_wconf 88' lang='lat' dir='ltr'><strong>superficies</strong></span> <span class='ocrx_word' id='word_1_133' title='bbox 743 3144 1010 3233; x_wconf 87' lang='lat' dir='ltr'><strong>articularis</strong></span> <span class='ocrx_word' id='word_1_134' title='bbox 1046 3139 1289 3231; x_wconf 85' lang='lat' dir='ltr'><strong>vertebrae</strong></span> <span class='ocrx_word' id='word_1_135' title='bbox 1324 3140 1513 3230; x_wconf 88' lang='lat' dir='ltr'><strong>sacralis</strong></span> <span class='ocrx_word' id='word_1_136' title='bbox 1555 3142 1740 3258; x_wconf 88' lang='lat' dir='ltr'><strong>primae</strong></span> <span class='ocrx_word' id='word_1_137' title='bbox 1772 3142 1903 3247; x_wconf 89' lang='lat' dir='ltr'><strong>iniit,</strong></span> <span class='ocrx_word' id='word_1_138' title='bbox 1934 3140 2123 3262; x_wconf 89' lang='lat' dir='ltr'><strong>pondus</strong></span> <span class='ocrx_word' id='word_1_139' title='bbox 2155 3143 2260 3231; x_wconf 90' lang='lat' dir='ltr'><strong>reli-</strong></span> 
     </span>
     <span class='ocr_line' id='line_1_17' title="bbox 443 3283 2256 3407; baseline -0.001 -31"><span class='ocrx_word' id='word_1_140' title='bbox 443 3316 567 3405; x_wconf 89' lang='lat' dir='ltr'><strong>quae</strong></span> <span class='ocrx_word' id='word_1_141' title='bbox 606 3288 731 3407; x_wconf 88' lang='lat' dir='ltr'><strong>parti</strong></span> <span class='ocrx_word' id='word_1_142' title='bbox 776 3285 1025 3373; x_wconf 90' lang='lat' dir='ltr'><strong>columnae</strong></span> <span class='ocrx_word' id='word_1_143' title='bbox 1069 3283 1397 3373; x_wconf 85' lang='lat' dir='ltr'><strong>vertebrarum</strong></span> <span class='ocrx_word' id='word_1_144' title='bbox 1446 3283 1701 3402; x_wconf 88' lang='lat' dir='ltr'><strong>proprium</strong></span> <span class='ocrx_word' id='word_1_145' title='bbox 1741 3284 1790 3371; x_wconf 91' lang='lat' dir='ltr'><strong>in</strong></span> <span class='ocrx_word' id='word_1_146' title='bbox 1831 3285 2001 3372; x_wconf 88' lang='lat' dir='ltr'><strong>ultima</strong></span> <span class='ocrx_word' id='word_1_147' title='bbox 2039 3284 2256 3375; x_wconf 78' lang='lat' dir='ltr'><strong>vertebra</strong></span> 
     </span>
     <span class='ocr_line' id='line_1_18' title="bbox 440 3426 2257 3547; baseline -0.001 -29"><span class='ocrx_word' id='word_1_148' title='bbox 440 3428 645 3521; x_wconf 88' lang='lat' dir='ltr'><strong>lumbali</strong></span> <span class='ocrx_word' id='word_1_149' title='bbox 668 3427 1015 3518; x_wconf 80' lang='lat' dir='ltr'><strong>evidentissime</strong></span> <span class='ocrx_word' id='word_1_150' title='bbox 1037 3427 1197 3517; x_wconf 88' lang='lat' dir='ltr'><strong>minus</strong></span> <span class='ocrx_word' id='word_1_151' title='bbox 1223 3428 1484 3546; x_wconf 86' lang='lat' dir='ltr'><strong>repositum</strong></span> <span class='ocrx_word' id='word_1_152' title='bbox 1515 3426 1619 3532; x_wconf 85' lang='lat' dir='ltr'><strong>suit,</strong></span> <span class='ocrx_word' id='word_1_153' title='bbox 1650 3455 1797 3547; x_wconf 88' lang='lat' dir='ltr'><strong>qnam</strong></span> <span class='ocrx_word' id='word_1_154' title='bbox 1827 3428 1927 3516; x_wconf 91' lang='lat' dir='ltr'><strong>sine</strong></span> <span class='ocrx_word' id='word_1_155' title='bbox 1956 3426 2103 3517; x_wconf 90' lang='lat' dir='ltr'><strong>huius</strong></span> <span class='ocrx_word' id='word_1_156' title='bbox 2124 3429 2257 3516; x_wconf 89' lang='lat' dir='ltr'><strong>incli.</strong></span> 
     </span>
     <span class='ocr_line' id='line_1_19' title="bbox 444 3554 1643 3664; baseline -0.004 -2"><span class='ocrx_word' id='word_1_157' title='bbox 444 3554 648 3663; x_wconf 84' lang='lat' dir='ltr'><strong>nationis</strong></span> <span class='ocrx_word' id='word_1_158' title='bbox 678 3588 922 3664; x_wconf 90' lang='lat' dir='ltr'><strong>momento</strong></span> <span class='ocrx_word' id='word_1_159' title='bbox 951 3570 1085 3662; x_wconf 90' lang='lat' dir='ltr'><strong>hand</strong></span> <span class='ocrx_word' id='word_1_160' title='bbox 1118 3568 1265 3660; x_wconf 89' lang='lat' dir='ltr'><strong>dubie</strong></span> <span class='ocrx_word' id='word_1_161' title='bbox 1293 3571 1513 3659; x_wconf 85' lang='lat' dir='ltr'><strong>futurum</strong></span> <span class='ocrx_word' id='word_1_162' title='bbox 1540 3571 1643 3659; x_wconf 85' lang='lat' dir='ltr'><strong>fuit.</strong></span> 
     </span>
    </p>

    <p class='ocr_par' dir='ltr' id='par_1_5' title="bbox 356 3713 2355 5135">
     <span class='ocr_line' id='line_1_20' title="bbox 564 3713 2255 3833; baseline -0.002 -26"><span class='ocrx_word' id='word_1_163' title='bbox 564 3713 849 3807; x_wconf 87' lang='lat' dir='ltr'><strong>Vertebram</strong></span> <span class='ocrx_word' id='word_1_164' title='bbox 879 3717 1010 3805; x_wconf 85' lang='lat' dir='ltr'><strong>illam</strong></span> <span class='ocrx_word' id='word_1_165' title='bbox 1044 3714 1306 3804; x_wconf 88' lang='lat' dir='ltr'><strong>lumbalem</strong></span> <span class='ocrx_word' id='word_1_166' title='bbox 1345 3715 1587 3833; x_wconf 85' lang='lat' dir='ltr'><strong>quintam,</strong></span> <span class='ocrx_word' id='word_1_167' title='bbox 1630 3742 1753 3833; x_wconf 89' lang='lat' dir='ltr'><strong>quae</strong></span> <span class='ocrx_word' id='word_1_168' title='bbox 1791 3744 1934 3833; x_wconf 90' lang='lat' dir='ltr'><strong>super</strong></span> <span class='ocrx_word' id='word_1_169' title='bbox 1979 3742 2032 3804; x_wconf 94' lang='lat' dir='ltr'><strong>os</strong></span> <span class='ocrx_word' id='word_1_170' title='bbox 2066 3738 2255 3804; x_wconf 84' lang='lat' dir='ltr'><strong>sacrum</strong></span> 
     </span>
     <span class='ocr_line' id='line_1_21' title="bbox 443 3855 2260 3976; baseline 0.001 -29"><span class='ocrx_word' id='word_1_171' title='bbox 443 3857 585 3948; x_wconf 71' lang='lat' dir='ltr'><strong>valde</strong></span> <span class='ocrx_word' id='word_1_172' title='bbox 612 3857 874 3949; x_wconf 83' lang='lat' dir='ltr'><strong>conflexum</strong></span> <span class='ocrx_word' id='word_1_173' title='bbox 906 3873 1153 3976; x_wconf 86' lang='lat' dir='ltr'><strong>tantopere</strong></span> <span class='ocrx_word' id='word_1_174' title='bbox 1185 3855 1372 3975; x_wconf 81' lang='lat' dir='ltr'><strong>delapsa</strong></span> <span class='ocrx_word' id='word_1_175' title='bbox 1405 3870 1492 3964; x_wconf 90' lang='lat' dir='ltr'><strong>est,</strong></span> <span class='ocrx_word' id='word_1_176' title='bbox 1523 3856 1736 3975; x_wconf 89' lang='lat' dir='ltr'><strong>reliquae</strong></span> <span class='ocrx_word' id='word_1_177' title='bbox 1770 3855 2014 3947; x_wconf 83' lang='lat' dir='ltr'><strong>vertebrae</strong></span> <span class='ocrx_word' id='word_1_178' title='bbox 2042 3859 2260 3975; x_wconf 88' lang='lat' dir='ltr'><strong>superius</strong></span> 
     </span>
     <span class='ocr_line' id='line_1_22' title="bbox 356 3999 2256 4120; baseline -0.005 -21"><span class='ocrx_word' id='word_1_179' title='bbox 356 4092 358 4099; x_wconf 78' lang='grc'><strong><em>,</em></strong></span> <span class='ocrx_word' id='word_1_180' title='bbox 442 4003 559 4094; x_wconf 86' lang='lat' dir='ltr'><strong>sitae</strong></span> <span class='ocrx_word' id='word_1_181' title='bbox 587 4018 632 4091; x_wconf 88' lang='lat' dir='ltr'><strong>et</strong></span> <span class='ocrx_word' id='word_1_182' title='bbox 675 4000 971 4092; x_wconf 84' lang='lat' dir='ltr'><strong>conficientes</strong></span> <span class='ocrx_word' id='word_1_183' title='bbox 1010 4030 1150 4091; x_wconf 87' lang='lat' dir='ltr'><strong>arcus</strong></span> <span class='ocrx_word' id='word_1_184' title='bbox 1185 4015 1499 4117; x_wconf 62' lang='lat' dir='ltr'><strong>segmentum,</strong></span> <span class='ocrx_word' id='word_1_185' title='bbox 1545 3999 1678 4120; x_wconf 80' lang='lat' dir='ltr'><strong>q&#39;uod</strong></span> <span class='ocrx_word' id='word_1_186' title='bbox 1713 4000 1941 4118; x_wconf 85' lang='lat' dir='ltr'><strong>parietem</strong></span> <span class='ocrx_word' id='word_1_187' title='bbox 1971 4001 2256 4091; x_wconf 88' lang='lat' dir='ltr'><strong>anteriorem</strong></span> 
     </span>
     <span class='ocr_line' id='line_1_23' title="bbox 443 4144 2262 4266; baseline 0 -31"><span class='ocrx_word' id='word_1_188' title='bbox 443 4149 595 4266; x_wconf 88' lang='lat' dir='ltr'><strong>pelvis</strong></span> <span class='ocrx_word' id='word_1_189' title='bbox 642 4175 826 4250; x_wconf 79' lang='lat' dir='ltr'><strong>versus,</strong></span> <span class='ocrx_word' id='word_1_190' title='bbox 853 4160 899 4235; x_wconf 85' lang='lat' dir='ltr'><strong>et</strong></span> <span class='ocrx_word' id='word_1_191' title='bbox 933 4145 1129 4265; x_wconf 89' lang='lat' dir='ltr'><strong>quidem</strong></span> <span class='ocrx_word' id='word_1_192' title='bbox 1180 4145 1343 4263; x_wconf 86' lang='lat' dir='ltr'><strong>paullo</strong></span> <span class='ocrx_word' id='word_1_193' title='bbox 1369 4145 1477 4263; x_wconf 87' lang='lat' dir='ltr'><strong>plus</strong></span> <span class='ocrx_word' id='word_1_194' title='bbox 1526 4144 1849 4234; x_wconf 85' lang='lat' dir='ltr'><strong>sinistrorsum</strong></span> <span class='ocrx_word' id='word_1_195' title='bbox 1895 4159 2095 4264; x_wconf 84' lang='lat' dir='ltr'><strong>spectat,</strong></span> <span class='ocrx_word' id='word_1_196' title='bbox 2133 4175 2262 4235; x_wconf 90' lang='lat' dir='ltr'><strong>secu·</strong></span> 
     </span>
     <span class='ocr_line' id='line_1_24' title="bbox 444 4288 2260 4408; baseline 0.001 -29"><span class='ocrx_word' id='word_1_197' title='bbox 444 4306 519 4379; x_wconf 87' lang='lat' dir='ltr'><strong>tae</strong></span> <span class='ocrx_word' id='word_1_198' title='bbox 555 4304 668 4378; x_wconf 88' lang='lat' dir='ltr'><strong>sunt</strong></span> <span class='ocrx_word' id='word_1_199' title='bbox 705 4288 845 4395; x_wconf 89' lang='lat' dir='ltr'><strong>adeo,</strong></span> <span class='ocrx_word' id='word_1_200' title='bbox 876 4303 954 4396; x_wconf 92' lang='lat' dir='ltr'><strong>ut,</strong></span> <span class='ocrx_word' id='word_1_201' title='bbox 991 4319 1103 4378; x_wconf 89' lang='lat' dir='ltr'><strong>cum</strong></span> <span class='ocrx_word' id='word_1_202' title='bbox 1132 4291 1184 4377; x_wconf 93' lang='lat' dir='ltr'><strong>in</strong></span> <span class='ocrx_word' id='word_1_203' title='bbox 1224 4289 1353 4408; x_wconf 87' lang='lat' dir='ltr'><strong>pelvi</strong></span> <span class='ocrx_word' id='word_1_204' title='bbox 1389 4288 1598 4407; x_wconf 86' lang='lat' dir='ltr'><strong>legitima</strong></span> <span class='ocrx_word' id='word_1_205' title='bbox 1639 4289 1738 4378; x_wconf 85' lang='lat' dir='ltr'><strong>sola</strong></span> <span class='ocrx_word' id='word_1_206' title='bbox 1780 4289 1997 4379; x_wconf 75' lang='lat' dir='ltr'><strong>vertebra</strong></span> <span class='ocrx_word' id='word_1_207' title='bbox 2033 4288 2260 4381; x_wconf 89' lang='lat' dir='ltr'><strong>lumbalis</strong></span> 
     </span>
     <span class='ocr_line' id='line_1_25' title="bbox 444 4431 2355 4560; baseline 0.004 -40"><span class='ocrx_word' id='word_1_208' title='bbox 444 4433 613 4553; x_wconf 87' lang='lat' dir='ltr'><strong>quinta</strong></span> <span class='ocrx_word' id='word_1_209' title='bbox 633 4433 683 4520; x_wconf 92' lang='lat' dir='ltr'><strong>in</strong></span> <span class='ocrx_word' id='word_1_210' title='bbox 703 4433 861 4548; x_wconf 90' lang='lat' dir='ltr'><strong>ipsum</strong></span> <span class='ocrx_word' id='word_1_211' title='bbox 887 4431 1038 4550; x_wconf 86' lang='lat' dir='ltr'><strong>pelvis</strong></span> <span class='ocrx_word' id='word_1_212' title='bbox 1058 4432 1254 4521; x_wconf 87' lang='lat' dir='ltr'><strong>maioris</strong></span> <span class='ocrx_word' id='word_1_213' title='bbox 1281 4434 1537 4523; x_wconf 88' lang='lat' dir='ltr'><strong>circuitum</strong></span> <span class='ocrx_word' id='word_1_214' title='bbox 1558 4462 1710 4555; x_wconf 84' lang='lat' dir='ltr'><strong>usque</strong></span> <span class='ocrx_word' id='word_1_215' title='bbox 1740 4434 1982 4553; x_wconf 86' lang='lat' dir='ltr'><strong>pertineat,</strong></span> <span class='ocrx_word' id='word_1_216' title='bbox 2002 4432 2097 4541; x_wconf 79' lang='lat' dir='ltr'><strong>hic,</strong></span> <span class='ocrx_word' id='word_1_217' title='bbox 2122 4436 2261 4526; x_wconf 89' lang='lat' dir='ltr'><strong>unice</strong></span> <span class='ocrx_word' id='word_1_218' title='bbox 2349 4554 2355 4560; x_wconf 18' lang='lat'>¹</span> 
     </span>
     <span class='ocr_line' id='line_1_26' title="bbox 446 4572 2262 4701; baseline 0.002 -37"><span class='ocrx_word' id='word_1_219' title='bbox 446 4589 636 4693; x_wconf 70' lang='lat' dir='ltr'><strong>excepta</strong></span> <span class='ocrx_word' id='word_1_220' title='bbox 672 4572 873 4663; x_wconf 90' lang='lat' dir='ltr'><strong>dimidia</strong></span> <span class='ocrx_word' id='word_1_221' title='bbox 905 4588 1039 4694; x_wconf 85' lang='lat' dir='ltr'><strong>purte</strong></span> <span class='ocrx_word' id='word_1_222' title='bbox 1076 4576 1319 4695; x_wconf 87' lang='lat' dir='ltr'><strong>superiore</strong></span> <span class='ocrx_word' id='word_1_223' title='bbox 1349 4575 1593 4668; x_wconf 81' lang='lat' dir='ltr'><strong>vertebrae</strong></span> <span class='ocrx_word' id='word_1_224' title='bbox 1629 4575 1854 4669; x_wconf 77' lang='lat' dir='ltr'><strong>tumbalis</strong></span> <span class='ocrx_word' id='word_1_225' title='bbox 1885 4578 2086 4697; x_wconf 85' lang='lat' dir='ltr'><strong>primae,</strong></span> <span class='ocrx_word' id='word_1_226' title='bbox 2124 4580 2262 4701; x_wconf 78' lang='lat' dir='ltr'><strong>qnin-</strong></span> 
     </span>
     <span class='ocr_line' id='line_1_27' title="bbox 446 4716 2263 4845; baseline 0.006 -40"><span class='ocrx_word' id='word_1_227' title='bbox 446 4746 541 4837; x_wconf 91' lang='lat' dir='ltr'><strong>que</strong></span> <span class='ocrx_word' id='word_1_228' title='bbox 571 4717 783 4837; x_wconf 87' lang='lat' dir='ltr'><strong>reliquae</strong></span> <span class='ocrx_word' id='word_1_229' title='bbox 818 4716 881 4807; x_wconf 88' lang='lat' dir='ltr'><strong>ad</strong></span> <span class='ocrx_word' id='word_1_230' title='bbox 915 4747 1063 4807; x_wconf 86' lang='lat' dir='ltr'><strong>unam</strong></span> <span class='ocrx_word' id='word_1_231' title='bbox 1094 4747 1256 4809; x_wconf 91' lang='lat' dir='ltr'><strong>omnes</strong></span> <span class='ocrx_word' id='word_1_232' title='bbox 1286 4720 1589 4811; x_wconf 79' lang='lat' dir='ltr'><strong>inveniantur</strong></span> <span class='ocrx_word' id='word_1_233' title='bbox 1619 4723 1671 4811; x_wconf 91' lang='lat' dir='ltr'><strong>in</strong></span> <span class='ocrx_word' id='word_1_234' title='bbox 1700 4723 1925 4816; x_wconf 85' lang='lat' dir='ltr'><strong>interiore</strong></span> <span class='ocrx_word' id='word_1_235' title='bbox 1954 4726 2083 4845; x_wconf 84' lang='lat' dir='ltr'><strong>pelvi</strong></span> <span class='ocrx_word' id='word_1_236' title='bbox 2111 4726 2263 4815; x_wconf 87' lang='lat' dir='ltr'><strong>iacen-</strong></span> 
     </span>
     <span class='ocr_line' id='line_1_28' title="bbox 445 4857 2261 4991; baseline 0.004 -41"><span class='ocrx_word' id='word_1_237' title='bbox 445 4875 526 4951; x_wconf 81' lang='lat' dir='ltr'><strong>tes</strong></span> <span class='ocrx_word' id='word_1_238' title='bbox 588 4857 724 4973; x_wconf 90' lang='lat' dir='ltr'><strong>Quae</strong></span> <span class='ocrx_word' id='word_1_239' title='bbox 752 4861 949 4983; x_wconf 87' lang='lat' dir='ltr'><strong>quidem</strong></span> <span class='ocrx_word' id='word_1_240' title='bbox 980 4864 1187 4952; x_wconf 88' lang='lat' dir='ltr'><strong>enormis</strong></span> <span class='ocrx_word' id='word_1_241' title='bbox 1221 4864 1396 4954; x_wconf 87' lang='lat' dir='ltr'><strong>iustam</strong></span> <span class='ocrx_word' id='word_1_242' title='bbox 1427 4866 1551 4956; x_wconf 88' lang='lat' dir='ltr'><strong>inter</strong></span> <span class='ocrx_word' id='word_1_243' title='bbox 1583 4867 1893 4991; x_wconf 78' lang='lat' dir='ltr'><strong>vitiatamque</strong></span> <span class='ocrx_word' id='word_1_244' title='bbox 1922 4869 2051 4961; x_wconf 87' lang='lat' dir='ltr'><strong>banc</strong></span> <span class='ocrx_word' id='word_1_245' title='bbox 2081 4859 2261 4989; x_wconf 77' lang='lat' dir='ltr'><strong>pelrin&#39;r</strong></span> 
     </span>
     <span class='ocr_line' id='line_1_29' title="bbox 446 5000 2260 5135; baseline 0.006 -43"><span class='ocrx_word' id='word_1_246' title='bbox 446 5000 761 5122; x_wconf 85' lang='lat' dir='ltr'><strong>discrepantia</strong></span> <span class='ocrx_word' id='word_1_247' title='bbox 791 5019 846 5094; x_wconf 90' lang='lat' dir='ltr'><strong>ut</strong></span> <span class='ocrx_word' id='word_1_248' title='bbox 873 5007 1034 5124; x_wconf 87' lang='lat' dir='ltr'><strong>primo</strong></span> <span class='ocrx_word' id='word_1_249' title='bbox 1062 5008 1315 5098; x_wconf 82' lang='lat' dir='ltr'><strong>oculorum</strong></span> <span class='ocrx_word' id='word_1_250' title='bbox 1346 5007 1519 5101; x_wconf 88' lang='lat' dir='ltr'><strong>obtutu</strong></span> <span class='ocrx_word' id='word_1_251' title='bbox 1547 5012 1873 5132; x_wconf 82' lang='lat' dir='ltr'><strong>perspiciatur,</strong></span> <span class='ocrx_word' id='word_1_252' title='bbox 1903 5013 2050 5102; x_wconf 90' lang='lat' dir='ltr'><strong>simul</strong></span> <span class='ocrx_word' id='word_1_253' title='bbox 2072 5009 2260 5135; x_wconf 85' lang='lat' dir='ltr'><strong>absquo</strong></span> 
     </span>
    </p>
   </div>
   <div class='ocr_carea' id='block_1_4' title="bbox 509 5344 2262 5540">
    <p class='ocr_par' dir='ltr' id='par_1_6' title="bbox 509 5344 2262 5540">
     <span class='ocr_line' id='line_1_30' title="bbox 509 5344 2262 5433; baseline 0.006 -24"><span class='ocrx_word' id='word_1_254' title='bbox 509 5349 548 5428; x_wconf 73' lang='lat' dir='ltr'><strong>tt)</strong></span> <span class='ocrx_word' id='word_1_255' title='bbox 568 5344 666 5410; x_wconf 84' lang='lat' dir='ltr'><strong>Doleo</strong></span> <span class='ocrx_word' id='word_1_256' title='bbox 689 5347 771 5429; x_wconf 80' lang='lat' dir='ltr'><strong>quod</strong></span> <span class='ocrx_word' id='word_1_257' title='bbox 792 5347 852 5414; x_wconf 85' lang='lat' dir='ltr'><strong>bne</strong></span> <span class='ocrx_word' id='word_1_258' title='bbox 875 5349 996 5432; x_wconf 84' lang='lat' dir='ltr'><strong>quiden</strong></span> <span class='ocrx_word' id='word_1_259' title='bbox 1011 5351 1149 5417; x_wconf 83' lang='lat' dir='ltr'><strong>rationes</strong></span> <span class='ocrx_word' id='word_1_260' title='bbox 1170 5352 1202 5416; x_wconf 89' lang='lat' dir='ltr'><strong>in</strong></span> <span class='ocrx_word' id='word_1_261' title='bbox 1223 5353 1339 5416; x_wconf 78' lang='lat' dir='ltr'><strong>siccate</strong></span> <span class='ocrx_word' id='word_1_262' title='bbox 1359 5349 1441 5432; x_wconf 77' lang='lat' dir='ltr'><strong>pelvi</strong></span> <span class='ocrx_word' id='word_1_263' title='bbox 1460 5368 1523 5416; x_wconf 88' lang='lat' dir='ltr'><strong>non</strong></span> <span class='ocrx_word' id='word_1_264' title='bbox 1547 5367 1665 5416; x_wconf 77' lang='lat' dir='ltr'><strong>sunus</strong></span> <span class='ocrx_word' id='word_1_265' title='bbox 1687 5368 1746 5433; x_wconf 79' lang='lat' dir='ltr'><strong>qua</strong></span> <span class='ocrx_word' id='word_1_266' title='bbox 1768 5349 1974 5433; x_wconf 81' lang='lat' dir='ltr'><strong>exoptandum</strong></span> <span class='ocrx_word' id='word_1_267' title='bbox 1994 5358 2042 5417; x_wconf 86' lang='lat' dir='ltr'><strong>ost</strong></span> <span class='ocrx_word' id='word_1_268' title='bbox 2061 5353 2262 5419; x_wconf 79' lang='lat' dir='ltr'><strong>recuratione</strong></span> 
     </span>
     <span class='ocr_line' id='line_1_31' title="bbox 575 5455 1098 5540; baseline 0.008 -21"><span class='ocrx_word' id='word_1_269' title='bbox 575 5473 613 5520; x_wconf 76' lang='lat' dir='ltr'><strong>rr</strong></span> <span class='ocrx_word' id='word_1_270' title='bbox 633 5455 798 5522; x_wconf 76' lang='lat' dir='ltr'><strong>subtilitate</strong></span> <span class='ocrx_word' id='word_1_271' title='bbox 818 5464 948 5540; x_wconf 76' lang='lat' dir='ltr'><strong>possunt</strong></span> <span class='ocrx_word' id='word_1_272' title='bbox 966 5457 1098 5524; x_wconf 82' lang='lat' dir='ltr'><strong>dedntrt.</strong></span> 
     </span>
    </p>
   </div>
   <div class='ocr_carea' id='block_1_5' title="bbox 0 0 2622 7298">
    <p class='ocr_par' dir='ltr' id='par_1_7' title="bbox 0 0 2622 7298">
     <span class='ocr_line' id='line_1_32' title="bbox 0 0 2622 7298; baseline 0 0"><span class='ocrx_word' id='word_1_273' title='bbox 0 0 2622 7298; x_wconf 95' lang='lat' dir='ltr'><strong> </strong></span> 
     </span>
    </p>
   </div>
  </div>
 </body>
</html>
