5226 7298
563 993 604 1075 2.
664 985 770 1072 loco
803 980 1155 1098 augustissimo,
1197 981 1228 1066 i.
1265 1010 1302 1070 e.
1333 979 1418 1069 nbi
1463 984 1680 1076 vertebra
1730 990 1920 1080 sacralis
1955 992 2161 1083 secunda
2196 1013 2245 1086 et

430 1131 567 1221 tertia
586 1141 767 1230 coeunt,
798 1126 848 1213 in
873 1123 1260 1244 prominentique
1279 1122 1519 1217 vertebrae
1548 1127 1773 1220 lumbalis
1797 1134 1993 1225 ultimae
2011 1140 2242 1258 margine,

431 1269 701 1360 distantiam
735 1266 908 1357 habeat
940 1281 1125 1356 tantum
1158 1266 1237 1355 8‘¹‘.

702 1576 1107 1700 Comparantes
1146 1599 1336 1672 autem
1384 1583 1525 1676 duas
1567 1590 1736 1679 hasce
1781 1593 1976 1710 pelves

552 1869 759 1960 quarum
789 1834 1071 1954 Pragensem
1104 1836 1166 1926 P1
1204 1852 1326 1944 nota,
1367 1836 1802 1931 Paderbornensem
1839 1843 1917 1936 Pu
1960 1843 2093 1936 lubet
2136 1850 2245 1938 insi·

436 1988 579 2107 gnire‚
611 1985 686 2072 vel
715 1983 877 2101 primo
907 1981 1065 2069 statim
1100 1978 1269 2069 obtutu
1304 2011 1398 2072 non
1430 2013 1680 2103 possumus
1704 2014 1798 2074 non
1831 1990 2243 2105 persuasissimum

432 2126 625 2232 habere,
664 2123 795 2247 quod
822 2124 1109 2243 compluries
1150 2126 1246 2212 iam
1288 2140 1422 2214 antea
1460 2129 1757 2236 monuimus,
1784 2129 1942 2220 adesse
1978 2134 2026 2219 in
2070 2135 2245 2224 utrius-

434 2303 529 2393 que
559 2274 712 2360 forma
732 2267 860 2358 idem
881 2266 1266 2387 configurationis
1292 2271 1479 2377 vitium,
1506 2270 1798 2392 eandemque
1823 2272 2010 2364 subesse
2039 2275 2244 2394 configu-

434 2418 631 2505 rationis
676 2442 888 2517 caussam
950 2412 1047 2500 sive
1099 2415 1523 2531 periculosissimae
1575 2416 1903 2504 coarctationis
1946 2415 2242 2511 effectricem.
2281 2465 2284 2470 ·

436 2554 582 2672 Quod
620 2552 854 2642 iudicium
894 2567 1108 2641 nostrum
1147 2585 1174 2641 a
1212 2584 1373 2643 rerum
1417 2554 1714 2671 singularum
1756 2558 2014 2646 curiosiore
2057 2558 2246 2682 indaga-

433 2705 562 2791 tione
593 2696 725 2786 haud
755 2698 856 2786 leve
891 2694 1035 2785 habet
1068 2695 1369 2814 praesidium.
1427 2693 1527 2785 Nec
1557 2699 1737 2804 minus,
1773 2700 1813 2786 si
1840 2701 2024 2819 singula
2052 2733 2245 2821 percen-

433 2858 606 2948 sentur,
634 2840 868 2961 probatur
896 2840 1029 2942 illud,
1063 2842 1199 2930 cuius
1228 2843 1341 2930 item
1370 2869 1463 2929 non
1496 2841 1638 2930 semel
1665 2845 1954 2932 mentionem
1978 2847 2243 2956 iniecimus,

437 2985 678 3075 obversari
708 2980 843 3073 nobis
886 2982 968 3069 hic
1008 3012 1101 3071 nou
1140 2982 1381 3071 raritatem
1418 2981 1673 3102 quandam,
1711 3013 1821 3074 casu
1858 2985 2073 3105 quolibet
2112 3004 2245 3078 natu·

434 3160 573 3221 raeve
604 3107 713 3216 lusu
750 3141 915 3231 ortam,
947 3122 1027 3214 sed
1061 3123 1157 3214 duo
1191 3127 1413 3245 exempla,
1446 3156 1569 3246 quae
1596 3126 1658 3215 ad
1689 3142 1872 3216 certum
1904 3127 2149 3249 quoddam
2175 3162 2244 3222 re-

435 3269 627 3363 ferenda
657 3273 750 3360 sint
786 3299 965 3359 novum
996 3269 1296 3358 vitiationum
1327 3269 1539 3388 pelvium
1571 3299 1726 3389 genus,
1771 3275 1956 3392 saepius
1993 3274 2115 3362 illud
2145 3278 2246 3367 sine

438 3415 588 3508 dubio
618 3413 823 3519 medicis,
855 3426 1003 3502 artem
1036 3410 1352 3501 obstetricium
1383 3410 1715 3521 exercentibus,
1739 3415 1843 3533 pari
1875 3416 2021 3506 modo
2040 3447 2136 3508 sese
2167 3417 2246 3507 ob

436 3562 660 3648 laturum.

555 3700 873 3792 Gravissimae
919 3713 1078 3788 autem
1116 3727 1240 3817 quae
1278 3700 1402 3788 inter
1437 3714 1692 3817 utramque
1731 3701 1908 3818 pelvim
1949 3702 2246 3792 intercedunt

437 3845 778 3965 discrepantiae
810 3872 919 3931 non
953 3841 1021 3930 ad
1058 3871 1248 3959 genus,
1277 3840 1357 3930 sed
1388 3845 1527 3932 unice
1559 3846 1629 3934 ad
1666 3842 1903 3962 gradum
1932 3844 2126 3935 vitiosae
2156 3849 2248 3936 for·

435 3990 656 4079 matianis
686 4000 897 4108 spectant
927 4000 972 4075 et
1003 3984 1474 4105 comprehenduntur
1498 3985 1647 4074 hisce:

558 4145 595 4219 1.
654 4129 725 4219 Pu
756 4132 986 4220 maiorem
1015 4132 1375 4251 planioremque
1405 4131 1585 4219 formae
1618 4130 1920 4220 vitiositatem
1941 4161 2055 4251 prae
2074 4162 2122 4222 se
2143 4136 2242 4240 fert,

434 4275 742 4392 multoque
772 4272 958 4392 magis
989 4286 1291 4361 coarctata
1324 4286 1391 4362 est
1420 4301 1567 4392 quam
1593 4267 1662 4362 Pr.

554 4422 595 4505 2.
656 4411 848 4506 Ossium
890 4416 939 4503 in
970 4411 1025 4503 Pr
1065 4414 1272 4505 nobilior
1308 4415 1553 4505 formatio:
1603 4428 1680 4521 ut,
1722 4414 1761 4503 si
1803 4416 2051 4534 cogitando
2085 4421 2240 4511 omnis

436 4562 673 4650 anomalia
709 4573 996 4665 removetur,
1034 4559 1151 4649 haec
1181 4560 1433 4680 pulchrior
1472 4559 1622 4679 pelvis
1662 4556 1973 4675 configuratio
2011 4560 2246 4652 habeatur

435 4717 660 4822 oporteat.

555 4855 594 4933 3.
656 4844 711 4933 In
745 4841 816 4933 Pu
849 4845 1001 4964 paries
1041 4845 1247 4935 anterior
1285 4846 1434 4964 pelvis
1474 4844 1627 4934 multo
1656 4843 1764 4962 plus
1800 4873 1991 4934 sursum
2024 4846 2144 4937 elata
2180 4860 2249 4936 cst

437 5019 585 5108 qnam
615 4989 665 5076 in
696 4985 777 5098 P13
810 5016 1018 5109 namque
1058 4989 1106 5076 in
1145 4988 1248 5096 hac,
1280 4991 1319 5078 si
1349 4988 1498 5107 pelvis
1536 4985 1819 5075 horizontali
1862 4986 2006 5076 modo
2043 4998 2246 5096 tenetur,
2381 4992 2387 5001 ’

435 5159 604 5250 margo
632 5133 850 5251 superior
885 5131 1187 5254 symphyseos
1224 5133 1402 5222 ossium
1431 5128 1574 5249 pubis
1605 5127 1768 5220 locum
1798 5145 1999 5250 occupat
2029 5129 2246 5222 exadver-

434 5306 541 5365 sum
573 5278 835 5397 marginem
873 5278 1241 5396 superiorem
1272 5272 1515 5367 vertebrae
1539 5271 1765 5366 lumbalis
1794 5288 2051 5397 quartae,
2082 5276 2132 5365 iu
2164 5276 2248 5365 illa
2287 5275 2290 5281 ’

432 5419 738 5511 exadversum
769 5425 1030 5544 marginem
1061 5423 1333 5514 inferiorem
1366 5415 1613 5514 vertebrae
1641 5415 1867 5510 lumbalis
1902 5417 2215 5510 secundae.
