5226 7298
586 1005 781 1097 prorsus
827 977 1113 1094 explentem,
1162 976 1260 1064 sive
1311 985 1489 1090 spectas
1532 973 1745 1088 rigorem
1798 975 2000 1082 ossium,
2047 979 2146 1067 sive
2184 979 2391 1073 formam

587 1122 870 1208 universam.
959 1115 1084 1206 Nam
1135 1115 1266 1236 quod
1313 1115 1451 1203 solito
1500 1115 1763 1203 maiuscula
1817 1120 1930 1207 ossis
1979 1122 2099 1208 sacri
2154 1126 2390 1215 excavatio

589 1277 774 1383 praesto
802 1276 868 1350 est
913 1276 956 1349 et
986 1276 1171 1379 praeter
1202 1287 1421 1346 normam
1451 1258 1695 1345 inclinatio
1736 1259 1885 1376 pelvis
1924 1264 2230 1370 comminuta,
2260 1267 2391 1355 item·

591 1435 686 1524 que
721 1405 883 1523 paullo
918 1404 1026 1523 plus
1064 1401 1124 1490 ad
1154 1417 1337 1520 partem
1389 1402 1675 1487 anteriorem
1714 1418 1909 1518 vergunt
1954 1404 2221 1495 acetabula:
2260 1407 2390 1517 haec,

589 1550 801 1667 inquam,
833 1549 1005 1653 omnia,
1036 1547 1264 1665 originem
1286 1574 1422 1633 suam
1442 1542 1619 1630 habent
1649 1544 1697 1629 in
1729 1547 1941 1660 corporis
1962 1564 2144 1636 mutata
2169 1549 2392 1667 ponderis

589 1692 783 1796 ratione,
815 1693 891 1779 cui
924 1704 1020 1777 tota
1051 1692 1199 1807 pelvis
1231 1687 1405 1775 multos
1431 1715 1517 1802 per
1546 1713 1692 1772 annos
1731 1684 1933 1774 obnoxia
1964 1689 2056 1778 fuit
2088 1722 2116 1778 a
2142 1693 2391 1784 columnae

587 1831 861 1923 vertebralis
896 1849 1030 1951 parte
1065 1829 1277 1934 lumbali,
1311 1858 1433 1947 quae
1464 1826 1522 1915 de
1559 1830 1763 1915 naturali
1794 1859 1880 1918 suo
1910 1832 2027 1937 locu,
2059 1834 2107 1920 h.
2135 1865 2171 1921 e.
2202 1834 2261 1924 de
2291 1866 2390 1926 osse

587 2006 733 2085 sacro,
765 1976 895 2064 haud
929 1973 1073 2063 dubie
1103 1974 1400 2091 aliquantum
1429 1971 1543 2058 olim
1578 1973 1800 2079 emollito,
1830 1989 2049 2092 protrusa
2083 1977 2186 2063 fuit.
2241 1971 2390 2069 Cuius

588 2117 754 2208 iudicii
791 2120 939 2206 nostri
978 2129 1310 2233 argumentum
1349 2115 1638 2230 conspicitur
1673 2143 1765 2201 non
1798 2118 1954 2203 solum
1996 2119 2045 2204 in
2081 2116 2242 2206 tabula
2273 2120 2391 2210 huic

586 2262 971 2351 commentationi
992 2258 1214 2347 adiuncta
1243 2287 1390 2385 eaque
1418 2257 1765 2344 accuratissime
1791 2259 1925 2364 facta,
1955 2258 2200 2350 sedetiam
2231 2263 2279 2348 in
2302 2263 2390 2370 his,

584 2436 703 2526 quas
722 2407 843 2493 infra
871 2406 1119 2522 posuimus
1150 2403 1391 2503 mensuris,
1420 2428 1626 2518 quarum
1660 2404 1859 2503 numeri,
1890 2417 1945 2489 ut
1965 2402 2060 2491 hoc
2090 2434 2391 2521 praemonea-

585 2580 717 2655 mus,
761 2563 1027 2665 congruunt
1071 2576 1181 2634 cum
1232 2545 1500 2662 antiquiore
1546 2541 1764 2631 mensura
1794 2541 2205 2636 Franco-Gallica
2249 2551 2391 2668 vulgo

585 2689 703 2780 Pied
730 2690 796 2778 du
832 2689 940 2810 Roy
978 2691 1229 2777 nominata.
1267 2685 1473 2793 ,Rerum
1505 2701 1663 2775 autem
1696 2704 1746 2776 ut
1779 2719 2017 2776 summam
2059 2691 2388 2781 certitudinem

588 2864 698 2922 cum
732 2835 836 2951 pari
875 2835 1207 2951 perspicuitate
1249 2833 1650 2936 consociaremus,
1700 2829 1903 2948 figuram
1944 2835 2043 2922 eius
2079 2835 2391 2941 instrumenti,

587 3005 686 3097 quo
726 2978 774 3062 in
811 2975 903 3062 hac
945 3005 1086 3093 opera
1118 2978 1189 3063 usi
1229 3003 1404 3079 sumus,
1432 2974 1480 3058 in
1509 2971 1637 3060 tab.1
1678 2977 1951 3064 curavimus
1981 2975 2213 3065 imitando
2243 2981 2390 3095 expri-

586 3118 821 3208 mendam.

1082 3307 1139 3391 A.
1219 3301 1530 3392 Pelris
1598 3305 1891 3390 maior.

704 3469 741 3546 1.
802 3458 1071 3547 Diametros
1101 3473 1430 3544 transversa
1465 3455 1672 3560 minor,
1719 3456 1748 3540 i.
1780 3485 1816 3543 e.
1859 3455 1969 3543 inde
2010 3484 2037 3542 a
2080 3460 2214 3576 spina
2255 3441 2411 3549 iliaca

597 3604 831 3691 anteriore
861 3603 1103 3719 superiore
1139 3601 1331 3689 alterius
1367 3599 1523 3688 lateris
1560 3597 1801 3717 usquead
1834 3598 2034 3688 eundem
2067 3602 2225 3690 locum
2265 3604 2394 3693 exad-

589 3775 750 3833 versus
779 3747 927 3833 situm·
956 3744 1021 3833 8¹⁴.

705 3894 744 3976 l.
806 3887 1075 3976 Diametros
1106 3901 1445 3975 transversa
1488 3886 1700 3991 maior,
1735 3887 1763 3970 i.
1799 3916 1834 3973 e.
1865 3888 1974 3976 inde
2014 3919 2041 3976 a
2072 3891 2227 3981 media
2259 3909 2392 4012 parte

587 4032 754 4120 cristae
784 4032 949 4120 iliacae
985 4032 1142 4120 lateris
1179 4031 1371 4121 alterius
1409 4027 1648 4148 usquead
1681 4027 1883 4117 eundem
1921 4032 2081 4121 locum
2116 4035 2393 4127 exadversus

586 4175 731 4262 situm
770 4175 834 4263 9¹ss

709 4327 747 4404 3.
806 4315 1112 4408 Profunditas
1142 4319 1290 4436 pelvis
1321 4317 1515 4405 maioris
1556 4315 1605 4403 1¹¹
1645 4315 1841 4403 9-10‘⁴‘.

707 4467 745 4550 4.
807 4459 1022 4549 Altitudo
1051 4463 1227 4551 ossium
1257 4463 1431 4549 ilium
1458 4457 1498 4564 *)
1530 4459 1578 4546 in
1609 4459 1753 4547 latere
1790 4457 1952 4548 dextro
1977 4463 2028 4549 3⁴⁴
2061 4463 2225 4570 s-t¹⁴‘,
2257 4466 2306 4552 in
2332 4466 2395 4554 la-

588 4614 685 4690 tere
715 4605 903 4692 sinistro
942 4605 992 4691 δ”
1025 4606 1101 4694 lm.

1097 4768 1149 4860 B.
1217 4771 1522 4864 Pelvis
1593 4783 1884 4868 minor.

1271 4961 1311 5018 a.
1360 4929 1524 5023 Exitus
1552 4938 1714 5054 pelvis.

711 5093 747 5166 t.
806 5078 1074 5172 Diametros
1116 5098 1292 5190 recta,
1325 5087 1354 5172 i.
1392 5118 1427 5175 e.
1459 5088 1568 5197 inde
1600 5089 1659 5178 ab
1704 5093 1836 5209 apice
1868 5092 1981 5178 ossis
2013 5090 2222 5210 coccygis
2258 5088 2395 5179 valde

653 5312 691 5389 a)
714 5311 748 5372 ln
770 5314 924 5377 metiendo
941 5316 1099 5397 profectus
1120 5336 1187 5380 sum
1209 5325 1337 5383 externe
1357 5339 1374 5382 a
1395 5320 1512 5382 vertice
1530 5321 1685 5384 incisurae
1708 5323 1896 5387 ischiadicae
1918 5322 2044 5384 maioris
2065 5339 2162 5404 usque
2182 5323 2222 5387 ad
2242 5340 2390 5386 summum

711 5421 812 5484 locum
838 5425 951 5488 cristae
974 5426 1092 5489 iliacae.
