<?xml version="1.0" encoding="UTF-8"?>
<!DOCTYPE html PUBLIC "-//W3C//DTD XHTML 1.0 Transitional//EN"
    "http://www.w3.org/TR/xhtml1/DTD/xhtml1-transitional.dtd">
<html xmlns="http://www.w3.org/1999/xhtml" xml:lang="en" lang="en">
 <head>
  <title>
</title>
<meta http-equiv="Content-Type" content="text/html;charset=utf-8" />
  <meta name='ocr-system' content='tesseract 3.04.00' />
  <meta name='ocr-capabilities' content='ocr_page ocr_carea ocr_par ocr_line ocrx_word'/>
</head>
<body>
  <div class='ocr_page' id='page_1' title='image "./despondylolisth00kiligoog_0014.png"; bbox 0 0 5226 7298; ppageno 0'>
   <div class='ocr_carea' id='block_1_1' title="bbox 542 970 2406 3971">
    <p class='ocr_par' dir='ltr' id='par_1_1' title="bbox 542 970 2355 3087">
     <span class='ocr_line' id='line_1_1' title="bbox 546 970 2355 1117; baseline 0.004 -30"><span class='ocrx_word' id='word_1_1' title='bbox 546 1028 655 1088; x_wconf 91' lang='lat' dir='ltr'>men</span> <span class='ocrx_word' id='word_1_2' title='bbox 681 996 961 1117; x_wconf 82' lang='lat' dir='ltr'><strong>magnitudo</strong></span> <span class='ocrx_word' id='word_1_3' title='bbox 987 1027 1098 1087; x_wconf 88' lang='lat' dir='ltr'>cum</span> <span class='ocrx_word' id='word_1_4' title='bbox 1129 970 1448 1116; x_wconf 85' lang='lat' dir='ltr'>exploratione</span> <span class='ocrx_word' id='word_1_5' title='bbox 1463 995 1650 1083; x_wconf 85' lang='lat' dir='ltr'>iuterna</span> <span class='ocrx_word' id='word_1_6' title='bbox 1671 995 1870 1086; x_wconf 89' lang='lat' dir='ltr'>minime</span> <span class='ocrx_word' id='word_1_7' title='bbox 1885 999 2213 1090; x_wconf 80' lang='lat' dir='ltr'>consentiebat.</span> <span class='ocrx_word' id='word_1_8' title='bbox 2251 999 2355 1094; x_wconf 80' lang='lat' dir='ltr'>Nec</span> 
     </span>
     <span class='ocr_line' id='line_1_2' title="bbox 545 1137 2355 1263; baseline 0.001 -31"><span class='ocrx_word' id='word_1_9' title='bbox 545 1143 696 1263; x_wconf 87' lang='lat' dir='ltr'>magis</span> <span class='ocrx_word' id='word_1_10' title='bbox 707 1143 913 1259; x_wconf 90' lang='lat' dir='ltr'>contigit,</span> <span class='ocrx_word' id='word_1_11' title='bbox 925 1138 1368 1232; x_wconf 84' lang='lat' dir='ltr'>utVanhuevelii</span> <span class='ocrx_word' id='word_1_12' title='bbox 1390 1137 1816 1257; x_wconf 79' lang='lat' dir='ltr'>Kimischiique</span> <span class='ocrx_word' id='word_1_13' title='bbox 1835 1137 2064 1230; x_wconf 81' lang='lat' dir='ltr'>adhibitis</span> <span class='ocrx_word' id='word_1_14' title='bbox 2074 1143 2355 1234; x_wconf 84' lang='lat' dir='ltr'>instrumen-</span> 
     </span>
     <span class='ocr_line' id='line_1_3' title="bbox 545 1278 2354 1408; baseline 0.002 -36"><span class='ocrx_word' id='word_1_15' title='bbox 545 1287 608 1374; x_wconf 90' lang='lat' dir='ltr'>tis</span> <span class='ocrx_word' id='word_1_16' title='bbox 621 1314 733 1374; x_wconf 83' lang='lat' dir='ltr'>vera</span> <span class='ocrx_word' id='word_1_17' title='bbox 750 1314 913 1373; x_wconf 88' lang='lat' dir='ltr'>rerum</span> <span class='ocrx_word' id='word_1_18' title='bbox 926 1282 1143 1373; x_wconf 86' lang='lat' dir='ltr'>condicio</span> <span class='ocrx_word' id='word_1_19' title='bbox 1158 1278 1409 1402; x_wconf 83' lang='lat' dir='ltr'>patefieret.</span> <span class='ocrx_word' id='word_1_20' title='bbox 1447 1278 1686 1394; x_wconf 76' lang='lat' dir='ltr'>Quocirca</span> <span class='ocrx_word' id='word_1_21' title='bbox 1703 1281 2082 1402; x_wconf 87' lang='lat' dir='ltr'>obtemperatum</span> <span class='ocrx_word' id='word_1_22' title='bbox 2097 1301 2166 1375; x_wconf 90' lang='lat' dir='ltr'>est</span> <span class='ocrx_word' id='word_1_23' title='bbox 2189 1285 2354 1408; x_wconf 86' lang='lat' dir='ltr'>Iung-</span> 
     </span>
     <span class='ocr_line' id='line_1_4' title="bbox 547 1406 2353 1546; baseline 0.001 -29"><span class='ocrx_word' id='word_1_24' title='bbox 547 1454 766 1537; x_wconf 87' lang='lat' dir='ltr'>ma-nno,</span> <span class='ocrx_word' id='word_1_25' title='bbox 795 1430 904 1516; x_wconf 74' lang='lat' dir='ltr'>viro</span> <span class='ocrx_word' id='word_1_26' title='bbox 926 1428 978 1513; x_wconf 89' lang='lat' dir='ltr'>in·</span> <span class='ocrx_word' id='word_1_27' title='bbox 1005 1426 1099 1513; x_wconf 88' lang='lat' dir='ltr'>hoc</span> <span class='ocrx_word' id='word_1_28' title='bbox 1128 1454 1293 1544; x_wconf 81' lang='lat' dir='ltr'>genere</span> <span class='ocrx_word' id='word_1_29' title='bbox 1310 1425 1721 1541; x_wconf 83' lang='lat' dir='ltr'>experientissimO,</span> <span class='ocrx_word' id='word_1_30' title='bbox 1749 1406 1998 1546; x_wconf 87' lang='lat' dir='ltr'>eidemque</span> <span class='ocrx_word' id='word_1_31' title='bbox 2028 1426 2353 1520; x_wconf 64' lang='lat' dir='ltr'>[senodochii</span> 
     </span>
     <span class='ocr_line' id='line_1_5' title="bbox 545 1566 2352 1691; baseline 0.001 -31"><span class='ocrx_word' id='word_1_32' title='bbox 545 1568 791 1691; x_wconf 87' lang='lat' dir='ltr'>Pragensis</span> <span class='ocrx_word' id='word_1_33' title='bbox 819 1585 925 1660; x_wconf 88' lang='lat' dir='ltr'>tum</span> <span class='ocrx_word' id='word_1_34' title='bbox 949 1570 1176 1687; x_wconf 89' lang='lat' dir='ltr'>temporis</span> <span class='ocrx_word' id='word_1_35' title='bbox 1203 1566 1438 1672; x_wconf 74' lang='lat' dir='ltr'>directuri,</span> <span class='ocrx_word' id='word_1_36' title='bbox 1470 1596 1495 1653; x_wconf 88' lang='lat' dir='ltr'>e</span> <span class='ocrx_word' id='word_1_37' title='bbox 1532 1596 1583 1654; x_wconf 87' lang='lat' dir='ltr'>re</span> <span class='ocrx_word' id='word_1_38' title='bbox 1613 1597 1707 1657; x_wconf 89' lang='lat' dir='ltr'>csse</span> <span class='ocrx_word' id='word_1_39' title='bbox 1733 1571 1950 1665; x_wconf 80' lang='lat' dir='ltr'>censenti,</span> <span class='ocrx_word' id='word_1_40' title='bbox 1981 1585 2130 1659; x_wconf 88' lang='lat' dir='ltr'>totam</span> <span class='ocrx_word' id='word_1_41' title='bbox 2152 1602 2352 1662; x_wconf 88' lang='lat' dir='ltr'>manum</span> 
     </span>
     <span class='ocr_line' id='line_1_6' title="bbox 543 1709 2351 1833; baseline 0.001 -31"><span class='ocrx_word' id='word_1_42' title='bbox 543 1715 592 1802; x_wconf 91' lang='lat' dir='ltr'>in</span> <span class='ocrx_word' id='word_1_43' title='bbox 619 1715 799 1831; x_wconf 73' lang='lat' dir='ltr'>pelvim-</span> <span class='ocrx_word' id='word_1_44' title='bbox 834 1711 1019 1820; x_wconf 91' lang='lat' dir='ltr'>induci,</span> <span class='ocrx_word' id='word_1_45' title='bbox 1052 1727 1104 1801; x_wconf 88' lang='lat' dir='ltr'>ut</span> <span class='ocrx_word' id='word_1_46' title='bbox 1134 1712 1226 1800; x_wconf 89' lang='lat' dir='ltr'>hac</span> <span class='ocrx_word' id='word_1_47' title='bbox 1263 1712 1338 1797; x_wconf 76' lang='lat' dir='ltr'>ria</span> <span class='ocrx_word' id='word_1_48' title='bbox 1372 1723 1418 1796; x_wconf 91' lang='lat' dir='ltr'>et</span> <span class='ocrx_word' id='word_1_49' title='bbox 1448 1709 1603 1796; x_wconf 83' lang='lat' dir='ltr'>forma</span> <span class='ocrx_word' id='word_1_50' title='bbox 1636 1724 1681 1798; x_wconf 90' lang='lat' dir='ltr'>et</span> <span class='ocrx_word' id='word_1_51' title='bbox 1711 1712 1988 1830; x_wconf 79' lang='lat' dir='ltr'>magnitudo</span> <span class='ocrx_word' id='word_1_52' title='bbox 2018 1716 2169 1833; x_wconf 86' lang='lat' dir='ltr'>pelvis</span> <span class='ocrx_word' id='word_1_53' title='bbox 2194 1720 2351 1807; x_wconf 79' lang='lat' dir='ltr'>certis·</span> 
     </span>
     <span class='ocr_line' id='line_1_7' title="bbox 543 1851 2350 1977; baseline -0.001 -30"><span class='ocrx_word' id='word_1_54' title='bbox 543 1860 662 1947; x_wconf 89' lang='lat' dir='ltr'>sime</span> <span class='ocrx_word' id='word_1_55' title='bbox 684 1870 1050 1977; x_wconf 78' lang='lat' dir='ltr'>cognosceretur.</span> <span class='ocrx_word' id='word_1_56' title='bbox 1114 1860 1184 1945; x_wconf 92' lang='lat' dir='ltr'>Ac</span> <span class='ocrx_word' id='word_1_57' title='bbox 1205 1856 1416 1974; x_wconf 79' lang='lat' dir='ltr'>profecto</span> <span class='ocrx_word' id='word_1_58' title='bbox 1444 1851 1538 1939; x_wconf 92' lang='lat' dir='ltr'>hoc</span> <span class='ocrx_word' id='word_1_59' title='bbox 1566 1851 1717 1941; x_wconf 90' lang='lat' dir='ltr'>modo</span> <span class='ocrx_word' id='word_1_60' title='bbox 1741 1870 2040 1972; x_wconf 90' lang='lat' dir='ltr'>perspectum</span> <span class='ocrx_word' id='word_1_61' title='bbox 2062 1872 2139 1962; x_wconf 81' lang='lat' dir='ltr'>est,</span> <span class='ocrx_word' id='word_1_62' title='bbox 2170 1874 2350 1977; x_wconf 83' lang='lat' dir='ltr'>quanto</span> 
     </span>
     <span class='ocr_line' id='line_1_8' title="bbox 547 1996 2350 2117; baseline 0.001 -31"><span class='ocrx_word' id='word_1_63' title='bbox 547 1998 888 2117; x_wconf 87' lang='lat' dir='ltr'>impedimento</span> <span class='ocrx_word' id='word_1_64' title='bbox 924 2003 983 2088; x_wconf 90' lang='lat' dir='ltr'>sit</span> <span class='ocrx_word' id='word_1_65' title='bbox 1013 2001 1266 2087; x_wconf 84' lang='lat' dir='ltr'>imminens</span> <span class='ocrx_word' id='word_1_66' title='bbox 1296 1999 1377 2084; x_wconf 92' lang='lat' dir='ltr'>illa</span> <span class='ocrx_word' id='word_1_67' title='bbox 1410 2022 1560 2083; x_wconf 85' lang='lat' dir='ltr'>massa</span> <span class='ocrx_word' id='word_1_68' title='bbox 1594 2019 1733 2100; x_wconf 85' lang='lat' dir='ltr'>ossea,</span> <span class='ocrx_word' id='word_1_69' title='bbox 1761 2026 1883 2115; x_wconf 88' lang='lat' dir='ltr'>quae</span> <span class='ocrx_word' id='word_1_70' title='bbox 1911 1996 2121 2086; x_wconf 87' lang='lat' dir='ltr'>dubitari</span> <span class='ocrx_word' id='word_1_71' title='bbox 2154 2000 2350 2088; x_wconf 87' lang='lat' dir='ltr'>omnino</span> 
     </span>
     <span class='ocr_line' id='line_1_9' title="bbox 547 2135 2350 2260; baseline 0.003 -32"><span class='ocrx_word' id='word_1_72' title='bbox 547 2171 643 2228; x_wconf 92' lang='lat' dir='ltr'>non</span> <span class='ocrx_word' id='word_1_73' title='bbox 673 2154 868 2258; x_wconf 87' lang='lat' dir='ltr'>poterat,</span> <span class='ocrx_word' id='word_1_74' title='bbox 896 2143 1012 2260; x_wconf 90' lang='lat' dir='ltr'>quin</span> <span class='ocrx_word' id='word_1_75' title='bbox 1044 2141 1341 2229; x_wconf 88' lang='lat' dir='ltr'>sinistorsum</span> <span class='ocrx_word' id='word_1_76' title='bbox 1373 2135 1490 2225; x_wconf 83' lang='lat' dir='ltr'>adeo</span> <span class='ocrx_word' id='word_1_77' title='bbox 1519 2141 1796 2256; x_wconf 81' lang='lat' dir='ltr'>pertineret,</span> <span class='ocrx_word' id='word_1_78' title='bbox 1833 2155 1887 2228; x_wconf 89' lang='lat' dir='ltr'>ut</span> <span class='ocrx_word' id='word_1_79' title='bbox 1926 2157 1970 2230; x_wconf 92' lang='lat' dir='ltr'>et</span> <span class='ocrx_word' id='word_1_80' title='bbox 1994 2157 2131 2230; x_wconf 88' lang='lat' dir='ltr'>utero</span> <span class='ocrx_word' id='word_1_81' title='bbox 2160 2157 2204 2231; x_wconf 90' lang='lat' dir='ltr'>et</span> <span class='ocrx_word' id='word_1_82' title='bbox 2234 2144 2350 2233; x_wconf 88' lang='lat' dir='ltr'>fetui</span> 
     </span>
     <span class='ocr_line' id='line_1_10' title="bbox 547 2279 2352 2400; baseline 0.001 -28"><span class='ocrx_word' id='word_1_83' title='bbox 547 2297 676 2373; x_wconf 87' lang='lat' dir='ltr'>recta</span> <span class='ocrx_word' id='word_1_84' title='bbox 719 2282 1054 2371; x_wconf 90' lang='lat' dir='ltr'>tantummodo</span> <span class='ocrx_word' id='word_1_85' title='bbox 1096 2312 1205 2400; x_wconf 90' lang='lat' dir='ltr'>pars</span> <span class='ocrx_word' id='word_1_86' title='bbox 1249 2279 1522 2399; x_wconf 90' lang='lat' dir='ltr'>occupanda</span> <span class='ocrx_word' id='word_1_87' title='bbox 1565 2296 1777 2386; x_wconf 84' lang='lat' dir='ltr'>restaret,</span> <span class='ocrx_word' id='word_1_88' title='bbox 1818 2284 2004 2371; x_wconf 88' lang='lat' dir='ltr'>sinistra</span> <span class='ocrx_word' id='word_1_89' title='bbox 2047 2314 2158 2373; x_wconf 88' lang='lat' dir='ltr'>vero</span> <span class='ocrx_word' id='word_1_90' title='bbox 2201 2314 2352 2374; x_wconf 84' lang='lat' dir='ltr'>vacua</span> 
     </span>
     <span class='ocr_line' id='line_1_11' title="bbox 542 2422 2353 2544; baseline 0.003 -31"><span class='ocrx_word' id='word_1_91' title='bbox 542 2427 747 2544; x_wconf 61' lang='lat' dir='ltr'>ipsique</span> <span class='ocrx_word' id='word_1_92' title='bbox 791 2424 872 2512; x_wconf 76' lang='lat' dir='ltr'>illa</span> <span class='ocrx_word' id='word_1_93' title='bbox 907 2423 1167 2514; x_wconf 76' lang='lat' dir='ltr'>substantid</span> <span class='ocrx_word' id='word_1_94' title='bbox 1204 2422 1404 2542; x_wconf 81' lang='lat' dir='ltr'>desuper</span> <span class='ocrx_word' id='word_1_95' title='bbox 1441 2437 1561 2513; x_wconf 85' lang='lat' dir='ltr'>tecta</span> <span class='ocrx_word' id='word_1_96' title='bbox 1593 2440 1716 2513; x_wconf 87' lang='lat' dir='ltr'>esset.</span> <span class='ocrx_word' id='word_1_97' title='bbox 1781 2423 1916 2536; x_wconf 85' lang='lat' dir='ltr'>Quae</span> <span class='ocrx_word' id='word_1_98' title='bbox 1952 2430 2113 2515; x_wconf 90' lang='lat' dir='ltr'>omnia</span> <span class='ocrx_word' id='word_1_99' title='bbox 2145 2459 2254 2517; x_wconf 92' lang='lat' dir='ltr'>cum</span> <span class='ocrx_word' id='word_1_100' title='bbox 2286 2431 2353 2519; x_wconf 76' lang='lat' dir='ltr'>ita</span> 
     </span>
     <span class='ocr_line' id='line_1_12' title="bbox 548 2566 2353 2693; baseline 0 -36"><span class='ocrx_word' id='word_1_101' title='bbox 548 2598 597 2657; x_wconf 91' lang='lat' dir='ltr'>se</span> <span class='ocrx_word' id='word_1_102' title='bbox 636 2566 887 2675; x_wconf 90' lang='lat' dir='ltr'>haherent,</span> <span class='ocrx_word' id='word_1_103' title='bbox 920 2570 1116 2687; x_wconf 77' lang='lat' dir='ltr'>verique</span> <span class='ocrx_word' id='word_1_104' title='bbox 1155 2566 1396 2655; x_wconf 81' lang='lat' dir='ltr'>videretur</span> <span class='ocrx_word' id='word_1_105' title='bbox 1428 2567 1748 2672; x_wconf 89' lang='lat' dir='ltr'>simillimum,</span> <span class='ocrx_word' id='word_1_106' title='bbox 1795 2570 1944 2683; x_wconf 83' lang='lat' dir='ltr'>pelvis</span> <span class='ocrx_word' id='word_1_107' title='bbox 1989 2571 2239 2693; x_wconf 85' lang='lat' dir='ltr'>introitum</span> <span class='ocrx_word' id='word_1_108' title='bbox 2275 2600 2353 2658; x_wconf 90' lang='lat' dir='ltr'>an·-</span> 
     </span>
     <span class='ocr_line' id='line_1_13' title="bbox 547 2704 2352 2832; baseline 0.002 -34"><span class='ocrx_word' id='word_1_109' title='bbox 547 2704 828 2830; x_wconf 77' lang='lat' dir='ltr'>gustissimo¹</span> <span class='ocrx_word' id='word_1_110' title='bbox 847 2739 933 2798; x_wconf 89' lang='lat' dir='ltr'>suo</span> <span class='ocrx_word' id='word_1_111' title='bbox 967 2712 1072 2798; x_wconf 88' lang='lat' dir='ltr'>loco</span> <span class='ocrx_word' id='word_1_112' title='bbox 1104 2709 1338 2797; x_wconf 89' lang='lat' dir='ltr'>minorem</span> <span class='ocrx_word' id='word_1_113' title='bbox 1370 2736 1643 2830; x_wconf 88' lang='lat' dir='ltr'>essequam</span> <span class='ocrx_word' id='word_1_114' title='bbox 1677 2710 1730 2798; x_wconf 54' lang='lat' dir='ltr'><em>W</em></span> <span class='ocrx_word' id='word_1_115' title='bbox 1770 2711 1846 2815; x_wconf 63' lang='lat' dir='ltr'>lm,</span> <span class='ocrx_word' id='word_1_116' title='bbox 1888 2713 2102 2832; x_wconf 87' lang='lat' dir='ltr'>itemque</span> <span class='ocrx_word' id='word_1_117' title='bbox 2125 2716 2352 2803; x_wconf 86' lang='lat' dir='ltr'>infantem</span> 
     </span>
     <span class='ocr_line' id='line_1_14' title="bbox 545 2850 2350 2972; baseline 0.001 -31"><span class='ocrx_word' id='word_1_118' title='bbox 545 2855 706 2942; x_wconf 75' lang='lat' dir='ltr'>vivere</span> <span class='ocrx_word' id='word_1_119' title='bbox 743 2868 886 2972; x_wconf 87' lang='lat' dir='ltr'>atque</span> <span class='ocrx_word' id='word_1_120' title='bbox 925 2857 1101 2972; x_wconf 83' lang='lat' dir='ltr'>vigere,</span> <span class='ocrx_word' id='word_1_121' title='bbox 1144 2855 1372 2941; x_wconf 88' lang='lat' dir='ltr'>unanimo</span> <span class='ocrx_word' id='word_1_122' title='bbox 1403 2851 1620 2939; x_wconf 91' lang='lat' dir='ltr'>omnium</span> <span class='ocrx_word' id='word_1_123' title='bbox 1654 2854 1740 2970; x_wconf 91' lang='lat' dir='ltr'>qui</span> <span class='ocrx_word' id='word_1_124' title='bbox 1775 2850 1968 2941; x_wconf 89' lang='lat' dir='ltr'>aderant</span> <span class='ocrx_word' id='word_1_125' title='bbox 2012 2884 2237 2942; x_wconf 88' lang='lat' dir='ltr'>consensu</span> <span class='ocrx_word' id='word_1_126' title='bbox 2258 2857 2350 2942; x_wconf 75' lang='lat' dir='ltr'>ine</span> 
     </span>
     <span class='ocr_line' id='line_1_15' title="bbox 549 2995 1674 3087; baseline -0.004 -4"><span class='ocrx_word' id='word_1_127' title='bbox 549 2995 756 3085; x_wconf 78' lang='lat' dir='ltr'>vitabilis</span> <span class='ocrx_word' id='word_1_128' title='bbox 787 3000 1047 3086; x_wconf 84' lang='lat' dir='ltr'>existimata</span> <span class='ocrx_word' id='word_1_129' title='bbox 1081 3013 1147 3087; x_wconf 88' lang='lat' dir='ltr'>est</span> <span class='ocrx_word' id='word_1_130' title='bbox 1177 2999 1362 3085; x_wconf 88' lang='lat' dir='ltr'>sectio</span> <span class='ocrx_word' id='word_1_131' title='bbox 1392 3023 1674 3083; x_wconf 84' lang='lat' dir='ltr'>caesarea.</span> 
     </span>
    </p>

    <p class='ocr_par' dir='ltr' id='par_1_2' title="bbox 547 3135 2406 3831">
     <span class='ocr_line' id='line_1_16' title="bbox 668 3135 2353 3260; baseline -0.001 -33"><span class='ocrx_word' id='word_1_132' title='bbox 668 3139 825 3230; x_wconf 90' lang='lat' dir='ltr'>Huius</span> <span class='ocrx_word' id='word_1_133' title='bbox 844 3158 1000 3230; x_wconf 91' lang='lat' dir='ltr'>tamen</span> <span class='ocrx_word' id='word_1_134' title='bbox 1025 3141 1271 3260; x_wconf 88' lang='lat' dir='ltr'>prognosis</span> <span class='ocrx_word' id='word_1_135' title='bbox 1306 3167 1399 3226; x_wconf 91' lang='lat' dir='ltr'>non</span> <span class='ocrx_word' id='word_1_136' title='bbox 1426 3152 1610 3257; x_wconf 88' lang='lat' dir='ltr'>poterat</span> <span class='ocrx_word' id='word_1_137' title='bbox 1632 3166 1728 3224; x_wconf 93' lang='lat' dir='ltr'>non</span> <span class='ocrx_word' id='word_1_138' title='bbox 1750 3139 2083 3227; x_wconf 86' lang='lat' dir='ltr'>infaustissima</span> <span class='ocrx_word' id='word_1_139' title='bbox 2113 3167 2219 3226; x_wconf 85' lang='lat' dir='ltr'>esse.</span> <span class='ocrx_word' id='word_1_140' title='bbox 2252 3135 2353 3226; x_wconf 85' lang='lat' dir='ltr'>Ete-</span> 
     </span>
     <span class='ocr_line' id='line_1_17' title="bbox 549 3281 2353 3404; baseline -0.001 -33"><span class='ocrx_word' id='word_1_141' title='bbox 549 3286 649 3372; x_wconf 91' lang='lat' dir='ltr'>nim</span> <span class='ocrx_word' id='word_1_142' title='bbox 682 3285 1008 3404; x_wconf 80' lang='lat' dir='ltr'>progrediente</span> <span class='ocrx_word' id='word_1_143' title='bbox 1039 3289 1215 3375; x_wconf 89' lang='lat' dir='ltr'>interea</span> <span class='ocrx_word' id='word_1_144' title='bbox 1246 3298 1405 3402; x_wconf 89' lang='lat' dir='ltr'>partu,</span> <span class='ocrx_word' id='word_1_145' title='bbox 1431 3294 1531 3368; x_wconf 87' lang='lat' dir='ltr'>toto</span> <span class='ocrx_word' id='word_1_146' title='bbox 1562 3309 1762 3397; x_wconf 84' lang='lat' dir='ltr'>corpore</span> <span class='ocrx_word' id='word_1_147' title='bbox 1797 3283 2053 3400; x_wconf 87' lang='lat' dir='ltr'>animoque</span> <span class='ocrx_word' id='word_1_148' title='bbox 2086 3281 2353 3398; x_wconf 82' lang='lat' dir='ltr'>parturiens</span> 
     </span>
     <span class='ocr_line' id='line_1_18' title="bbox 547 3424 2354 3547; baseline -0.002 -31"><span class='ocrx_word' id='word_1_149' title='bbox 547 3457 849 3547; x_wconf 86' lang='lat' dir='ltr'>summopere</span> <span class='ocrx_word' id='word_1_150' title='bbox 877 3459 970 3519; x_wconf 90' lang='lat' dir='ltr'>esse</span> <span class='ocrx_word' id='word_1_151' title='bbox 997 3426 1171 3537; x_wconf 88' lang='lat' dir='ltr'>affecta,</span> <span class='ocrx_word' id='word_1_152' title='bbox 1196 3428 1360 3547; x_wconf 87' lang='lat' dir='ltr'>pulsus</span> <span class='ocrx_word' id='word_1_153' title='bbox 1394 3434 1477 3513; x_wconf 77' lang='lat' dir='ltr'>teo</span> <span class='ocrx_word' id='word_1_154' title='bbox 1503 3427 1702 3530; x_wconf 88' lang='lat' dir='ltr'>ictuum,</span> <span class='ocrx_word' id='word_1_155' title='bbox 1731 3439 1907 3532; x_wconf 88' lang='lat' dir='ltr'>uterus,</span> <span class='ocrx_word' id='word_1_156' title='bbox 1946 3424 2243 3513; x_wconf 81' lang='lat' dir='ltr'>acerbissime</span> <span class='ocrx_word' id='word_1_157' title='bbox 2275 3424 2354 3513; x_wconf 88' lang='lat' dir='ltr'>do·</span> 
     </span>
     <span class='ocr_line' id='line_1_19' title="bbox 549 3564 2406 3685; baseline -0.001 -29"><span class='ocrx_word' id='word_1_158' title='bbox 549 3570 657 3672; x_wconf 89' lang='lat' dir='ltr'>lens,</span> <span class='ocrx_word' id='word_1_159' title='bbox 685 3571 830 3658; x_wconf 86' lang='lat' dir='ltr'>fetum</span> <span class='ocrx_word' id='word_1_160' title='bbox 854 3585 1010 3658; x_wconf 88' lang='lat' dir='ltr'>tenere</span> <span class='ocrx_word' id='word_1_161' title='bbox 1041 3585 1168 3659; x_wconf 88' lang='lat' dir='ltr'>arcte</span> <span class='ocrx_word' id='word_1_162' title='bbox 1199 3569 1518 3671; x_wconf 88' lang='lat' dir='ltr'>constrictum,</span> <span class='ocrx_word' id='word_1_163' title='bbox 1546 3568 1666 3653; x_wconf 85' lang='lat' dir='ltr'>cutis</span> <span class='ocrx_word' id='word_1_164' title='bbox 1698 3564 1991 3672; x_wconf 89' lang='lat' dir='ltr'>calidissima,</span> <span class='ocrx_word' id='word_1_165' title='bbox 2020 3568 2179 3685; x_wconf 90' lang='lat' dir='ltr'>lingua</span> <span class='ocrx_word' id='word_1_166' title='bbox 2209 3565 2352 3673; x_wconf 86' lang='lat' dir='ltr'>arida,</span> <span class='ocrx_word' id='word_1_167' title='bbox 2405 3564 2406 3567; x_wconf 46' lang='lat'>‘</span> 
     </span>
     <span class='ocr_line' id='line_1_20' title="bbox 548 3713 1502 3831; baseline -0.005 -30"><span class='ocrx_word' id='word_1_168' title='bbox 548 3713 759 3801; x_wconf 71' lang='lat' dir='ltr'>vomitus</span> <span class='ocrx_word' id='word_1_169' title='bbox 790 3715 1054 3820; x_wconf 88' lang='lat' dir='ltr'>continuus,</span> <span class='ocrx_word' id='word_1_170' title='bbox 1085 3713 1271 3831; x_wconf 84' lang='lat' dir='ltr'>inquies</span> <span class='ocrx_word' id='word_1_171' title='bbox 1303 3739 1502 3800; x_wconf 90' lang='lat' dir='ltr'>summa.</span> 
     </span>
    </p>

    <p class='ocr_par' dir='ltr' id='par_1_3' title="bbox 669 3846 2354 3971">
     <span class='ocr_line' id='line_1_21' title="bbox 669 3846 2354 3971; baseline 0 -28"><span class='ocrx_word' id='word_1_172' title='bbox 669 3849 984 3943; x_wconf 85' lang='lat' dir='ltr'>Chloriformi·</span> <span class='ocrx_word' id='word_1_173' title='bbox 1010 3855 1156 3971; x_wconf 75' lang='lat' dir='ltr'>igitur</span> <span class='ocrx_word' id='word_1_174' title='bbox 1180 3846 1428 3964; x_wconf 77' lang='lat' dir='ltr'>·na·rcosi*)</span> <span class='ocrx_word' id='word_1_175' title='bbox 1467 3854 1515 3938; x_wconf 93' lang='lat' dir='ltr'>in</span> <span class='ocrx_word' id='word_1_176' title='bbox 1545 3853 1776 3940; x_wconf 82' lang='lat' dir='ltr'>auxilium</span> <span class='ocrx_word' id='word_1_177' title='bbox 1811 3867 1985 3958; x_wconf 88' lang='lat' dir='ltr'>vocata,</span> <span class='ocrx_word' id='word_1_178' title='bbox 2020 3855 2230 3971; x_wconf 86' lang='lat' dir='ltr'>operatio</span> <span class='ocrx_word' id='word_1_179' title='bbox 2260 3883 2354 3943; x_wconf 76' lang='lat' dir='ltr'>sus</span> 
     </span>
    </p>
   </div>
   <div class='ocr_carea' id='block_1_2' title="bbox 608 4168 2358 5553">
    <p class='ocr_par' dir='ltr' id='par_1_4' title="bbox 608 4168 2358 5553">
     <span class='ocr_line' id='line_1_22' title="bbox 608 4168 2355 4250; baseline 0.002 -23"><span class='ocrx_word' id='word_1_180' title='bbox 608 4171 644 4239; x_wconf 74' lang='lat' dir='ltr'>*i</span> <span class='ocrx_word' id='word_1_181' title='bbox 667 4168 701 4227; x_wconf 93' lang='lat' dir='ltr'>ln</span> <span class='ocrx_word' id='word_1_182' title='bbox 726 4168 866 4229; x_wconf 86' lang='lat' dir='ltr'>omnibus</span> <span class='ocrx_word' id='word_1_183' title='bbox 892 4169 1133 4247; x_wconf 81' lang='lat' dir='ltr'>operationibus,</span> <span class='ocrx_word' id='word_1_184' title='bbox 1151 4186 1225 4249; x_wconf 90' lang='lat' dir='ltr'>quas</span> <span class='ocrx_word' id='word_1_185' title='bbox 1247 4184 1304 4250; x_wconf 85' lang='lat' dir='ltr'>per</span> <span class='ocrx_word' id='word_1_186' title='bbox 1325 4168 1496 4232; x_wconf 83' lang='lat' dir='ltr'>sectionem</span> <span class='ocrx_word' id='word_1_187' title='bbox 1520 4169 1552 4231; x_wconf 94' lang='lat' dir='ltr'>in</span> <span class='ocrx_word' id='word_1_188' title='bbox 1569 4185 1647 4229; x_wconf 85' lang='lat' dir='ltr'>cavo</span> <span class='ocrx_word' id='word_1_189' title='bbox 1670 4168 1844 4230; x_wconf 68' lang='lat' dir='ltr'>abdominis</span> <span class='ocrx_word' id='word_1_190' title='bbox 1867 4168 1948 4229; x_wconf 84' lang='lat' dir='ltr'>haud</span> <span class='ocrx_word' id='word_1_191' title='bbox 1964 4168 2087 4230; x_wconf 85' lang='lat' dir='ltr'>modice</span> <span class='ocrx_word' id='word_1_192' title='bbox 2107 4169 2262 4248; x_wconf 79' lang='lat' dir='ltr'>patefacta</span> <span class='ocrx_word' id='word_1_193' title='bbox 2279 4184 2355 4248; x_wconf 86' lang='lat' dir='ltr'>pcr-</span> 
     </span>
     <span class='ocr_line' id='line_1_23' title="bbox 671 4273 2354 4359; baseline 0.001 -22"><span class='ocrx_word' id='word_1_194' title='bbox 671 4273 819 4337; x_wconf 86' lang='lat' dir='ltr'>liciendas</span> <span class='ocrx_word' id='word_1_195' title='bbox 849 4276 1019 4356; x_wconf 81' lang='lat' dir='ltr'>insequitur</span> <span class='ocrx_word' id='word_1_196' title='bbox 1050 4276 1325 4359; x_wconf 84' lang='lat' dir='ltr'>gastrorrliaplria,</span> <span class='ocrx_word' id='word_1_197' title='bbox 1355 4295 1525 4342; x_wconf 87' lang='lat' dir='ltr'>narcoseos</span> <span class='ocrx_word' id='word_1_198' title='bbox 1558 4277 1819 4340; x_wconf 82' lang='lat' dir='ltr'>chlorolormicae</span> <span class='ocrx_word' id='word_1_199' title='bbox 1853 4295 1927 4338; x_wconf 93' lang='lat' dir='ltr'>usus</span> <span class='ocrx_word' id='word_1_200' title='bbox 1963 4278 2074 4357; x_wconf 89' lang='lat' dir='ltr'>nequit.</span> <span class='ocrx_word' id='word_1_201' title='bbox 2101 4295 2163 4339; x_wconf 92' lang='lat' dir='ltr'>nou</span> <span class='ocrx_word' id='word_1_202' title='bbox 2193 4277 2354 4357; x_wconf 81' lang='lat' dir='ltr'>periculo-</span> 
     </span>
     <span class='ocr_line' id='line_1_24' title="bbox 671 4381 2354 4467; baseline 0.002 -23"><span class='ocrx_word' id='word_1_203' title='bbox 671 4383 810 4444; x_wconf 90' lang='lat' dir='ltr'>sissimus</span> <span class='ocrx_word' id='word_1_204' title='bbox 830 4381 945 4445; x_wconf 88' lang='lat' dir='ltr'>haberi.</span> <span class='ocrx_word' id='word_1_205' title='bbox 990 4383 1127 4458; x_wconf 85' lang='lat' dir='ltr'>Quocum</span> <span class='ocrx_word' id='word_1_206' title='bbox 1163 4401 1243 4465; x_wconf 81' lang='lat' dir='ltr'>quae</span> <span class='ocrx_word' id='word_1_207' title='bbox 1273 4385 1437 4446; x_wconf 88' lang='lat' dir='ltr'>coniuncta</span> <span class='ocrx_word' id='word_1_208' title='bbox 1469 4393 1539 4448; x_wconf 88' lang='lat' dir='ltr'>sunt</span> <span class='ocrx_word' id='word_1_209' title='bbox 1569 4387 1600 4446; x_wconf 91' lang='lat' dir='ltr'>in</span> <span class='ocrx_word' id='word_1_210' title='bbox 1624 4386 1690 4467; x_wconf 90' lang='lat' dir='ltr'>ipsa</span> <span class='ocrx_word' id='word_1_211' title='bbox 1718 4385 1893 4466; x_wconf 83' lang='lat' dir='ltr'>peragenda</span> <span class='ocrx_word' id='word_1_212' title='bbox 1927 4386 2107 4465; x_wconf 84' lang='lat' dir='ltr'>operatione</span> <span class='ocrx_word' id='word_1_213' title='bbox 2138 4384 2354 4460; x_wconf 88' lang='lat' dir='ltr'>emolumenta,</span> 
     </span>
     <span class='ocr_line' id='line_1_25' title="bbox 680 4491 2353 4576; baseline 0.001 -22"><span class='ocrx_word' id='word_1_214' title='bbox 680 4512 716 4554; x_wconf 89' lang='lat' dir='ltr'>ea</span> <span class='ocrx_word' id='word_1_215' title='bbox 740 4497 922 4570; x_wconf 89' lang='lat' dir='ltr'>superantur</span> <span class='ocrx_word' id='word_1_216' title='bbox 951 4491 1154 4554; x_wconf 88' lang='lat' dir='ltr'>incommodis</span> <span class='ocrx_word' id='word_1_217' title='bbox 1179 4493 1283 4574; x_wconf 89' lang='lat' dir='ltr'>eisque</span> <span class='ocrx_word' id='word_1_218' title='bbox 1309 4493 1402 4555; x_wconf 85' lang='lat' dir='ltr'>inulto</span> <span class='ocrx_word' id='word_1_219' title='bbox 1424 4495 1610 4572; x_wconf 90' lang='lat' dir='ltr'>maioribus,</span> <span class='ocrx_word' id='word_1_220' title='bbox 1642 4513 1719 4576; x_wconf 89' lang='lat' dir='ltr'>quae</span> <span class='ocrx_word' id='word_1_221' title='bbox 1751 4494 1837 4556; x_wconf 89' lang='lat' dir='ltr'>brevi</span> <span class='ocrx_word' id='word_1_222' title='bbox 1871 4492 2031 4556; x_wconf 86' lang='lat' dir='ltr'>admodum</span> <span class='ocrx_word' id='word_1_223' title='bbox 2064 4499 2133 4575; x_wconf 88' lang='lat' dir='ltr'>post</span> <span class='ocrx_word' id='word_1_224' title='bbox 2165 4496 2353 4558; x_wconf 87' lang='lat' dir='ltr'>eooriuntur.</span> 
     </span>
     <span class='ocr_line' id='line_1_26' title="bbox 674 4600 2351 4682; baseline -0.001 -18"><span class='ocrx_word' id='word_1_225' title='bbox 674 4600 844 4681; x_wconf 83' lang='lat' dir='ltr'>Equorum</span> <span class='ocrx_word' id='word_1_226' title='bbox 870 4600 1000 4663; x_wconf 78' lang='lat' dir='ltr'>cohorte</span> <span class='ocrx_word' id='word_1_227' title='bbox 1017 4600 1155 4681; x_wconf 80' lang='lat' dir='ltr'>inprimis</span> <span class='ocrx_word' id='word_1_228' title='bbox 1178 4620 1248 4663; x_wconf 87' lang='lat' dir='ltr'>esse</span> <span class='ocrx_word' id='word_1_229' title='bbox 1264 4603 1384 4664; x_wconf 71' lang='lat' dir='ltr'>vilemr</span> <span class='ocrx_word' id='word_1_230' title='bbox 1397 4602 1580 4664; x_wconf 76' lang='lat' dir='ltr'>uomitus</span> <span class='ocrx_word' id='word_1_231' title='bbox 1593 4601 1646 4663; x_wconf 84' lang='lat' dir='ltr'>ille</span> <span class='ocrx_word' id='word_1_232' title='bbox 1668 4603 1943 4682; x_wconf 85' lang='lat' dir='ltr'>pertinacissimus,</span> <span class='ocrx_word' id='word_1_233' title='bbox 1968 4602 2017 4682; x_wconf 90' lang='lat' dir='ltr'>qul</span> <span class='ocrx_word' id='word_1_234' title='bbox 2042 4601 2200 4681; x_wconf 82' lang='lat' dir='ltr'>copiosum</span> <span class='ocrx_word' id='word_1_235' title='bbox 2222 4600 2351 4664; x_wconf 65' lang='lat' dir='ltr'>cltum</span> 
     </span>
     <span class='ocr_line' id='line_1_27' title="bbox 675 4707 2355 4791; baseline 0.001 -22"><span class='ocrx_word' id='word_1_236' title='bbox 675 4708 764 4771; x_wconf 82' lang='lat' dir='ltr'>l&#39;onnt</span> <span class='ocrx_word' id='word_1_237' title='bbox 788 4725 875 4771; x_wconf 88' lang='lat' dir='ltr'>usum</span> <span class='ocrx_word' id='word_1_238' title='bbox 896 4707 986 4771; x_wconf 83' lang='lat' dir='ltr'>facile</span> <span class='ocrx_word' id='word_1_239' title='bbox 1008 4709 1225 4789; x_wconf 81' lang='lat' dir='ltr'>consequitur:</span> <span class='ocrx_word' id='word_1_240' title='bbox 1248 4710 1362 4789; x_wconf 90' lang='lat' dir='ltr'>inqua</span> <span class='ocrx_word' id='word_1_241' title='bbox 1384 4709 1524 4773; x_wconf 85' lang='lat' dir='ltr'>molestia</span> <span class='ocrx_word' id='word_1_242' title='bbox 1544 4718 1685 4791; x_wconf 82' lang='lat' dir='ltr'>piamun</span> <span class='ocrx_word' id='word_1_243' title='bbox 1705 4711 1793 4775; x_wconf 76' lang='lat' dir='ltr'>sicul</span> <span class='ocrx_word' id='word_1_244' title='bbox 1815 4711 1983 4773; x_wconf 85' lang='lat' dir='ltr'>discrimen</span> <span class='ocrx_word' id='word_1_245' title='bbox 2007 4711 2079 4773; x_wconf 90' lang='lat' dir='ltr'>insit</span> <span class='ocrx_word' id='word_1_246' title='bbox 2097 4717 2174 4790; x_wconf 86' lang='lat' dir='ltr'>post.</span> <span class='ocrx_word' id='word_1_247' title='bbox 2189 4710 2355 4791; x_wconf 76' lang='lat' dir='ltr'>quenlibet</span> 
     </span>
     <span class='ocr_line' id='line_1_28' title="bbox 675 4814 2354 4897; baseline 0.003 -21"><span class='ocrx_word' id='word_1_248' title='bbox 675 4816 785 4879; x_wconf 87' lang='lat' dir='ltr'>laetam</span> <span class='ocrx_word' id='word_1_249' title='bbox 807 4814 1110 4897; x_wconf 82' lang='lat' dir='ltr'>gastrorrhapliiam,</span> <span class='ocrx_word' id='word_1_250' title='bbox 1132 4816 1205 4878; x_wconf 87' lang='lat' dir='ltr'>latet</span> <span class='ocrx_word' id='word_1_251' title='bbox 1226 4819 1386 4879; x_wconf 87' lang='lat' dir='ltr'>neminem.</span> <span class='ocrx_word' id='word_1_252' title='bbox 1431 4819 1552 4881; x_wconf 85' lang='lat' dir='ltr'>Deinde</span> <span class='ocrx_word' id='word_1_253' title='bbox 1573 4819 1633 4882; x_wconf 86' lang='lat' dir='ltr'>luc</span> <span class='ocrx_word' id='word_1_254' title='bbox 1654 4818 1802 4882; x_wconf 88' lang='lat' dir='ltr'>trahenda</span> <span class='ocrx_word' id='word_1_255' title='bbox 1822 4825 1870 4881; x_wconf 89' lang='lat' dir='ltr'>est</span> <span class='ocrx_word' id='word_1_256' title='bbox 1892 4822 1990 4882; x_wconf 89' lang='lat' dir='ltr'>maior</span> <span class='ocrx_word' id='word_1_257' title='bbox 2010 4821 2079 4881; x_wconf 88' lang='lat' dir='ltr'>sine</span> <span class='ocrx_word' id='word_1_258' title='bbox 2102 4819 2193 4879; x_wconf 90' lang='lat' dir='ltr'>dubio</span> <span class='ocrx_word' id='word_1_259' title='bbox 2216 4819 2254 4879; x_wconf 91' lang='lat' dir='ltr'>ad</span> <span class='ocrx_word' id='word_1_260' title='bbox 2277 4818 2354 4881; x_wconf 84' lang='lat' dir='ltr'>liae-</span> 
     </span>
     <span class='ocr_line' id='line_1_29' title="bbox 673 4907 2346 5009; baseline 0.001 -23"><span class='ocrx_word' id='word_1_261' title='bbox 673 4925 880 5006; x_wconf 85' lang='lat' dir='ltr'>morrhagiam</span> <span class='ocrx_word' id='word_1_262' title='bbox 896 4923 1085 5004; x_wconf 83' lang='lat' dir='ltr'>proclivitas,</span> <span class='ocrx_word' id='word_1_263' title='bbox 1099 4907 1271 5007; x_wconf 77' lang='lat' dir='ltr'>praecipue</span> <span class='ocrx_word' id='word_1_264' title='bbox 1282 4926 1319 4987; x_wconf 88' lang='lat' dir='ltr'>ad</span> <span class='ocrx_word' id='word_1_265' title='bbox 1336 4926 1632 5007; x_wconf 84' lang='lat' dir='ltr'>perniciosissimam</span> <span class='ocrx_word' id='word_1_266' title='bbox 1658 4928 1738 4990; x_wconf 91' lang='lat' dir='ltr'>illam</span> <span class='ocrx_word' id='word_1_267' title='bbox 1756 4929 1949 5005; x_wconf 83' lang='lat' dir='ltr'>interiorem,</span> <span class='ocrx_word' id='word_1_268' title='bbox 1960 4927 2137 5009; x_wconf 90' lang='lat' dir='ltr'>plerumque</span> <span class='ocrx_word' id='word_1_269' title='bbox 2157 4926 2346 4989; x_wconf 87' lang='lat' dir='ltr'>reconditam</span> 
     </span>
     <span class='ocr_line' id='line_1_30' title="bbox 673 5032 2356 5117; baseline 0.002 -22"><span class='ocrx_word' id='word_1_270' title='bbox 673 5033 760 5095; x_wconf 82' lang='lat' dir='ltr'>euius</span> <span class='ocrx_word' id='word_1_271' title='bbox 786 5034 832 5094; x_wconf 87' lang='lat' dir='ltr'>rei</span> <span class='ocrx_word' id='word_1_272' title='bbox 854 5036 904 5113; x_wconf 88' lang='lat' dir='ltr'>qui</span> <span class='ocrx_word' id='word_1_273' title='bbox 928 5032 979 5095; x_wconf 82' lang='lat' dir='ltr'>liic</span> <span class='ocrx_word' id='word_1_274' title='bbox 1002 5036 1158 5113; x_wconf 85' lang='lat' dir='ltr'>expositus</span> <span class='ocrx_word' id='word_1_275' title='bbox 1182 5038 1229 5095; x_wconf 87' lang='lat' dir='ltr'>est</span> <span class='ocrx_word' id='word_1_276' title='bbox 1251 5053 1342 5096; x_wconf 85' lang='lat' dir='ltr'>casus</span> <span class='ocrx_word' id='word_1_277' title='bbox 1368 5036 1543 5097; x_wconf 81' lang='lat' dir='ltr'>tristissimo</span> <span class='ocrx_word' id='word_1_278' title='bbox 1566 5036 1750 5099; x_wconf 82' lang='lat' dir='ltr'>domnnento</span> <span class='ocrx_word' id='word_1_279' title='bbox 1772 5052 1844 5098; x_wconf 88' lang='lat' dir='ltr'>esse</span> <span class='ocrx_word' id='word_1_280' title='bbox 1865 5042 1975 5117; x_wconf 88' lang='lat' dir='ltr'>potest.</span> <span class='ocrx_word' id='word_1_281' title='bbox 2010 5037 2172 5117; x_wconf 81' lang='lat' dir='ltr'>Speu&#39;atim</span> <span class='ocrx_word' id='word_1_282' title='bbox 2192 5042 2292 5098; x_wconf 86' lang='lat' dir='ltr'>autem</span> <span class='ocrx_word' id='word_1_283' title='bbox 2315 5036 2356 5098; x_wconf 90' lang='lat' dir='ltr'>ad</span> 
     </span>
     <span class='ocr_line' id='line_1_31' title="bbox 675 5139 2358 5226; baseline 0.005 -27"><span class='ocrx_word' id='word_1_284' title='bbox 675 5141 842 5201; x_wconf 81' lang='lat' dir='ltr'>sectionem</span> <span class='ocrx_word' id='word_1_285' title='bbox 873 5158 1051 5203; x_wconf 82' lang='lat' dir='ltr'>caesaream</span> <span class='ocrx_word' id='word_1_286' title='bbox 1075 5139 1156 5220; x_wconf 91' lang='lat' dir='ltr'>quod</span> <span class='ocrx_word' id='word_1_287' title='bbox 1187 5143 1310 5220; x_wconf 81' lang='lat' dir='ltr'>attinet,</span> <span class='ocrx_word' id='word_1_288' title='bbox 1334 5144 1452 5204; x_wconf 88' lang='lat' dir='ltr'>tertium</span> <span class='ocrx_word' id='word_1_289' title='bbox 1488 5143 1562 5206; x_wconf 89' lang='lat' dir='ltr'>illud</span> <span class='ocrx_word' id='word_1_290' title='bbox 1592 5151 1742 5207; x_wconf 88' lang='lat' dir='ltr'>metuatur</span> <span class='ocrx_word' id='word_1_291' title='bbox 1775 5152 1911 5226; x_wconf 87' lang='lat' dir='ltr'>oportet,</span> <span class='ocrx_word' id='word_1_292' title='bbox 1942 5163 2039 5226; x_wconf 93' lang='lat' dir='ltr'>quoa</span> <span class='ocrx_word' id='word_1_293' title='bbox 2079 5145 2278 5208; x_wconf 86' lang='lat' dir='ltr'>chlorolormi</span> <span class='ocrx_word' id='word_1_294' title='bbox 2300 5162 2358 5207; x_wconf 89' lang='lat' dir='ltr'>usu</span> 
     </span>
     <span class='ocr_line' id='line_1_32' title="bbox 675 5246 2352 5334; baseline 0.005 -29"><span class='ocrx_word' id='word_1_295' title='bbox 675 5262 851 5321; x_wconf 77' lang='lat' dir='ltr'>avocamur,</span> <span class='ocrx_word' id='word_1_296' title='bbox 879 5265 917 5309; x_wconf 89' lang='lat' dir='ltr'>ne</span> <span class='ocrx_word' id='word_1_297' title='bbox 939 5246 1106 5310; x_wconf 80' lang='lat' dir='ltr'>laxaturum</span> <span class='ocrx_word' id='word_1_298' title='bbox 1129 5247 1271 5311; x_wconf 87' lang='lat' dir='ltr'>fibrarum</span> <span class='ocrx_word' id='word_1_299' title='bbox 1294 5249 1508 5312; x_wconf 86' lang='lat' dir='ltr'>inuscularium</span> <span class='ocrx_word' id='word_1_300' title='bbox 1530 5258 1627 5314; x_wconf 85' lang='lat' dir='ltr'>semel</span> <span class='ocrx_word' id='word_1_301' title='bbox 1650 5254 1732 5333; x_wconf 87' lang='lat' dir='ltr'>ipsas</span> <span class='ocrx_word' id='word_1_302' title='bbox 1754 5253 1956 5316; x_wconf 87' lang='lat' dir='ltr'>contrahendi</span> <span class='ocrx_word' id='word_1_303' title='bbox 1981 5253 2109 5316; x_wconf 82' lang='lat' dir='ltr'>facultas</span> <span class='ocrx_word' id='word_1_304' title='bbox 2132 5254 2271 5334; x_wconf 90' lang='lat' dir='ltr'>pariundi</span> <span class='ocrx_word' id='word_1_305' title='bbox 2295 5272 2352 5315; x_wconf 92' lang='lat' dir='ltr'>or-</span> 
     </span>
     <span class='ocr_line' id='line_1_33' title="bbox 672 5356 2355 5443; baseline 0.007 -30"><span class='ocrx_word' id='word_1_306' title='bbox 672 5371 758 5435; x_wconf 82' lang='lat' dir='ltr'>gano</span> <span class='ocrx_word' id='word_1_307' title='bbox 776 5357 1005 5433; x_wconf 86' lang='lat' dir='ltr'>exoptatissima</span> <span class='ocrx_word' id='word_1_308' title='bbox 1025 5356 1177 5438; x_wconf 87' lang='lat' dir='ltr'>planeque</span> <span class='ocrx_word' id='word_1_309' title='bbox 1193 5362 1371 5422; x_wconf 83' lang='lat' dir='ltr'>necessaria</span> <span class='ocrx_word' id='word_1_310' title='bbox 1386 5360 1589 5442; x_wconf 88' lang='lat' dir='ltr'>imminuatur,</span> <span class='ocrx_word' id='word_1_311' title='bbox 1608 5363 1719 5425; x_wconf 89' lang='lat' dir='ltr'>nedum</span> <span class='ocrx_word' id='word_1_312' title='bbox 1735 5380 1864 5442; x_wconf 92' lang='lat' dir='ltr'>prorsus</span> <span class='ocrx_word' id='word_1_313' title='bbox 1880 5361 2014 5424; x_wconf 90' lang='lat' dir='ltr'>tollatur:</span> <span class='ocrx_word' id='word_1_314' title='bbox 2031 5364 2284 5443; x_wconf 86' lang='lat' dir='ltr'>quemadmodum</span> <span class='ocrx_word' id='word_1_315' title='bbox 2304 5364 2355 5425; x_wconf 83' lang='lat' dir='ltr'>liic</span> 
     </span>
     <span class='ocr_line' id='line_1_34' title="bbox 678 5461 2352 5553; baseline 0.009 -31"><span class='ocrx_word' id='word_1_316' title='bbox 678 5461 890 5527; x_wconf 83' lang='lat' dir='ltr'>infelicissimo</span> <span class='ocrx_word' id='word_1_317' title='bbox 914 5485 987 5529; x_wconf 93' lang='lat' dir='ltr'>casu</span> <span class='ocrx_word' id='word_1_318' title='bbox 1016 5469 1141 5530; x_wconf 88' lang='lat' dir='ltr'>accidit.</span> <span class='ocrx_word' id='word_1_319' title='bbox 1201 5470 1393 5550; x_wconf 83' lang='lat' dir='ltr'>Quapropter</span> <span class='ocrx_word' id='word_1_320' title='bbox 1423 5473 1564 5553; x_wconf 86' lang='lat' dir='ltr'>equidem</span> <span class='ocrx_word' id='word_1_321' title='bbox 1595 5473 1735 5536; x_wconf 85' lang='lat' dir='ltr'>omnibus</span> <span class='ocrx_word' id='word_1_322' title='bbox 1765 5479 1875 5536; x_wconf 88' lang='lat' dir='ltr'>auctor</span> <span class='ocrx_word' id='word_1_323' title='bbox 1897 5490 1967 5536; x_wconf 88' lang='lat' dir='ltr'>esse</span> <span class='ocrx_word' id='word_1_324' title='bbox 1989 5472 2100 5552; x_wconf 81' lang='lat' dir='ltr'>velim,</span> <span class='ocrx_word' id='word_1_325' title='bbox 2125 5480 2157 5535; x_wconf 91' lang='lat' dir='ltr'>ut</span> <span class='ocrx_word' id='word_1_326' title='bbox 2178 5493 2197 5536; x_wconf 88' lang='lat' dir='ltr'>a</span> <span class='ocrx_word' id='word_1_327' title='bbox 2221 5472 2352 5537; x_wconf 90' lang='lat' dir='ltr'>chloro-</span> 
     </span>
    </p>
   </div>
   <div class='ocr_carea' id='block_1_3' title="bbox 0 0 2618 7298">
    <p class='ocr_par' dir='ltr' id='par_1_5' title="bbox 0 0 2618 7298">
     <span class='ocr_line' id='line_1_35' title="bbox 0 0 2618 7298; baseline 0 2"><span class='ocrx_word' id='word_1_328' title='bbox 0 0 2618 7298; x_wconf 95' lang='lat' dir='ltr'> </span> 
     </span>
    </p>
   </div>
  </div>
 </body>
</html>
