5632 7112
540 1099 664 1192 halis
696 1097 1107 1219 dirumperentur,
1137 1099 1370 1218 elongatio
1402 1125 1709 1218 processuum
1741 1101 1936 1192 illorum
1987 1106 2164 1196 ossium
2202 1137 2355 1199 neces·

544 1241 670 1330 sario
705 1242 797 1332 fuit
828 1241 1127 1332 consectaria.

662 1678 955 1790 Genesim,
987 1681 1328 1800 diagnosim,
1357 1683 1704 1800 prognosim
1739 1683 1983 1777 anomalae
2011 1682 2071 1776 de
2108 1717 2204 1808 qua
2238 1691 2349 1781 hac·

540 1835 678 1921 mnus
708 1821 1054 1942 disputavimus
1096 1823 1308 1943 pelvium
1340 1825 1541 1926 formae,
1572 1828 1879 1945 quantumvis
1915 1827 2213 1949 dignissimae
2243 1864 2350 1952 pro-

540 1963 664 2056 fecto
694 1968 798 2072 sint,
828 1968 878 2056 in
916 1997 1046 2088 quas,
1076 1967 1359 2086 priusquam
1390 1968 1506 2056 huic
1538 1972 1923 2060 commentationi
1952 1971 2095 2071 finem
2133 1977 2349 2096 impona·¹

542 2139 663 2215 mus,
688 2140 876 2203 summa
905 2141 1001 2231 qua
1034 2112 1142 2200 licet
1169 2108 1410 2226 diligentia
1441 2112 1767 2229 inquiramus,
1799 2125 1958 2204 tamen
1992 2147 2119 2207 nunc
2148 2117 2348 2238 quidem

540 2252 705 2372 paucis
733 2267 778 2342 et
817 2283 1068 2373 possumus
1110 2268 1155 2343 et
1185 2251 1411 2342 debemus
1447 2249 1701 2343 absolvere.
1760 2253 1948 2346 Etenim
1992 2270 2098 2346 tum
2136 2258 2346 2370 demum,

540 2422 653 2484 cum
695 2396 850 2486 maior
888 2410 1073 2518 praesto
1104 2409 1170 2486 est
1215 2392 1599 2486 observationum
1645 2397 2066 2524 exemplorumque
2109 2433 2349 2514 numerus,

536 2537 726 2626 licitum
763 2540 853 2628 erit
882 2539 939 2629 de
971 2540 1115 2628 totius
1144 2538 1431 2658 quaestionis
1451 2551 1635 2626 nostrae
1658 2537 1933 2630 difficillima
1964 2541 2055 2631 hac
2086 2543 2349 2666 eademque

541 2682 792 2772 utilissima
827 2697 960 2802 parte
996 2683 1194 2802 planum
1226 2697 1504 2802 certumque
1540 2681 1693 2773 facere
1727 2682 1976 2773 iudicium.

659 2829 819 2948 Atque
849 2826 1211 2916 Kiwischius
1236 2823 1444 2948 quidem,
1459 2823 1725 2916 describens
1745 2827 1891 2937 illam,
1914 2799 2060 2948 quam
2082 2832 2178 2920 suis
2199 2833 2349 2951 ipsius

519 2970 690 3059 'oculis
720 2971 1023 3089 perlustravit
1055 2971 1244 3090 pelvim,
1275 2999 1379 3089 pag.
1404 2977 1485 3058 tea
1518 2969 1644 3058 hanc
1675 2970 1854 3092 profert
1884 2973 2183 3062 sententiam:

660 3111 805 3208 «Wir
841 3118 1027 3203 miissen
1058 3114 1185 3204 auch
1217 3111 1339 3202 diese
1371 3113 1620 3202 Anomalie
1655 3115 1723 3202 als
1761 3115 1864 3202 eine
1904 3113 2194 3236 angeborene
2224 3147 2349 3208 anse-

541 3252 636 3343 hen
672 3253 773 3346 und
804 3257 990 3348 klinnen
1031 3256 1257 3346 allenfalls
1293 3288 1388 3344 nur
1426 3258 1715 3364 annehmen,
1765 3255 1868 3348 dass
1909 3259 1977 3347 im
2008 3258 2232 3350 Verlaufe
2268 3259 2352 3350 der

537 3393 688 3488 Jahre
717 3401 820 3490 sich
846 3399 924 3491 die
943 3395 1182 3492 Curvatur
1211 3399 1296 3490 der
1318 3395 1674 3490 Lendenwirhel
1708 3400 1830 3488 nach
1858 3428 1976 3488 vorn
2009 3399 2107 3489 und
2138 3399 2346 3494 abwiirts

539 3557 680 3631 unter
721 3541 806 3634 der
843 3546 978 3665 stetig
1020 3541 1369 3634 einwirkenden
1401 3541 1510 3631 Last
1556 3541 1636 3632 des
1670 3535 1996 3662 Oberkiirpers
2035 3545 2243 3664 altmaltg
2273 3577 2347 3665 ge·

539 3686 725 3803 steigert
754 3686 910 3777 haben
941 3693 1117 3807 mdge.’'
1490 3790 1493 3800 y

659 3826 795 3942 Quae
844 3831 1037 3952 quidem
1078 3832 1238 3950 opinio
1282 3827 1534 3920 Seiferto
1573 3855 1768 3949 quoque
1806 3826 2040 3947 probatur
2071 3828 2100 3916 l.
2130 3830 2160 3915 l.
2198 3857 2241 3945 p.
2273 3834 2346 3933 39,

538 3971 683 4060 avallis
711 3988 867 4064 tamen
898 3975 973 4064 vel
1003 3971 1063 4064 ab
1095 3974 1189 4064 hoc
1221 3973 1293 4064 vel
1323 3971 1384 4063 ah
1416 3974 1499 4062 illo
1537 3969 1690 4062 allatis
1725 3969 1786 4061 ad
1816 3970 2238 4060 demonstrandum
2270 3999 2345 4056 ar·

535 4116 782 4231 gumentis.
840 4113 905 4206 Hi
941 4133 1100 4208 autem
1129 4115 1388 4223 duumviri,
1422 4130 1476 4204 ut
1505 4115 1571 4204 ita
1608 4113 1897 4223 iudicarent,
1927 4111 2061 4204 haud
2100 4111 2245 4202 dubie
2289 4139 2344 4201 eo

536 4259 758 4378 inprimis
790 4264 1161 4366 commotisunt,
1193 4258 1323 4381 quod
1352 4261 1628 4379 primipara,
1657 4259 1792 4349 cuius
1821 4274 1986 4378 partus
2017 4257 2170 4377 qualis
2199 4255 2345 4346 fuerit

537 4432 566 4492 a
596 4401 852 4495 Seiferto
885 4421 1117 4514 narratur,
1149 4403 1259 4494 inde
1288 4401 1349 4492 ab
1369 4402 1566 4492 infantia
1595 4403 1645 4490 in
1678 4405 1866 4491 nullum
1894 4401 2091 4488 omnino
2112 4397 2342 4487 morbum

535 4545 767 4639 inciderit.
827 4551 909 4657 At,
951 4549 1176 4667 singulari
1225 4545 1390 4636 habita
1429 4548 1609 4635 ratione
1654 4552 1881 4656 δυσμόρφου
1924 4543 2094 4661 pelviS,
2135 4555 2180 4632 et
2222 4537 2345 4629 illud

535 4722 627 4813 pro
671 4725 841 4816 magna
879 4724 965 4784 sua
1010 4694 1236 4814 gravitate
1279 4687 1642 4810 ponderandum
1687 4701 1781 4793 est,
1818 4700 1969 4776 totam
2015 4683 2344 4774 condicionem

534 4837 819 4927 valetudinis
867 4867 926 4926 ne
967 4837 1172 4954 potuisse
1209 4833 1407 4955 quidem
1449 4865 1478 4922 a
1518 4859 1768 4954 quoquam
1818 4831 2066 4949 explorari.
2149 4823 2344 4947 Quippe

535 4981 732 5106 gravida
773 5009 885 5070 cum
918 4983 967 5067 iu
1011 4980 1236 5068 clinicum
1284 4981 1598 5097 reciperetur,
1638 4973 2061 5065 vehementissimis
2097 4967 2344 5058 doloribus

537 5128 762 5231 cruciata,
804 5135 1027 5214 accurato
1065 5123 1305 5242 plenoque
1345 5121 1548 5212 examini
1593 5118 1810 5238 nequivit
1851 5113 2034 5205 subiici.
2094 5111 2346 5202 Praeterea

534 5268 671 5360 brevi
709 5281 815 5389 post
845 5265 905 5355 ad
938 5267 1093 5384 ipsam
1124 5265 1444 5384 operationem
1475 5259 1810 5379 procederetur
1841 5284 2024 5346 necesse
2052 5253 2166 5358 tuit,
2197 5279 2345 5372 quam

533 5412 701 5535 paucis
743 5410 876 5499 horis
920 5422 1026 5528 post
1070 5435 1201 5498 mors
1246 5408 1456 5497 insecuta
1505 5417 1573 5492 est
1618 5429 1900 5523 puerperae,
1958 5397 2094 5488 cuins
2138 5407 2237 5485 tota
2288 5391 2346 5480 de

532 5556 656 5660 vita,
699 5562 934 5671 quantum
979 5545 1174 5670 quidem
1213 5546 1274 5637 ad
1320 5549 1635 5671 cognitionem
1675 5545 1937 5638 anomaliae
1977 5541 2129 5662 pelvis
2169 5539 2343 5645 attinet,
