5632 7112
1339 1045 1408 1139 1³2

1337 1355 1416 1438 11.

851 1554 1252 1640 observatio
1309 1549 1915 1636 Padoroornensls.

1075 1782 1115 1842 a.
1147 1749 1370 1841 Narratio
1399 1752 1626 1842 historica
1640 1743 1693 1862 ⁴).

597 1979 803 2070 Lommii
838 1974 1084 2066 cuiusdam
1116 2006 1257 2082 uxor,
1295 2006 1420 2066 anno
1455 1987 1568 2068 1810
1600 1996 1729 2086 nata,
1750 1982 1934 2071 ‘ultima
1964 1981 2063 2068 vice
2092 1994 2281 2071 uterum

477 2127 613 2246 gessit
643 2148 768 2208 anno
792 2129 907 2209 1850
937 2119 1321 2239 quadragenaria.
1366 2115 1557 2228 Eadem,
1580 2152 1675 2241 qua
1707 2122 1817 2213 inde
1846 2153 1871 2211 a
1900 2121 1976 2212 die
2007 2121 2150 2210 natali
2182 2154 2282 2241 pre-

478 2265 718 2371 mebatur,
750 2265 818 2352 rei
849 2263 1094 2352 familiaris
1125 2263 1245 2353 dura
1275 2262 1535 2353 admodum
1576 2267 1756 2385 inopia,
1792 2264 1854 2354 ad
1890 2277 2091 2354 mortem
2129 2295 2281 2387 usque

479 2437 563 2495 usa
609 2421 687 2496 est.
753 2401 974 2495 Parentes
1024 2407 1123 2494 eius
1163 2419 1207 2493 et
1245 2403 1342 2494 duo
1385 2410 1714 2525 consanguinei
1761 2421 1874 2496 natu
1913 2409 2118 2496 minores
2161 2407 2278 2497 adeo
2398 2519 2402 2526 ¹

477 2564 665 2641 matura
697 2563 850 2639 morte
881 2550 1026 2638 vitam
1062 2550 1366 2666 reliquerunt,
1395 2565 1449 2636 ut
1476 2565 1743 2639 matronam
1771 2549 1829 2640 de
1858 2579 1955 2669 qua
1983 2548 2116 2637 nohis
2145 2581 2279 2669 expo
2378 2562 2380 2568 ’

480 2693 688 2784 nendum
713 2706 789 2799 est,
822 2693 1017 2781 omnino
1044 2692 1195 2800 lateat,
1229 2693 1383 2812 qualis
1404 2693 1546 2782 fuerit
1571 2693 1763 2783 illorum
1791 2691 2025 2782 valetudo.
2064 2688 2162 2780 Nec
2188 2723 2283 2780 ma·

482 2841 552 2958 gis
587 2836 776 2926 sibimet
811 2837 902 2952 ipsi
934 2849 1112 2924 constat
1136 2836 1237 2926 ullo
1268 2835 1440 2942 modo,
1479 2839 1679 2926 fueritne
1709 2839 1866 2956 primo
1905 2837 2029 2925 vitae
2073 2865 2182 2924 suae
2210 2834 2283 2925 de-

480 2983 646 3069 cennio
668 2978 839 3067 morbo
861 2979 1024 3098 aliquo
1044 2994 1278 3097 correpta:
1306 2993 1511 3070 attamen
1531 2983 1569 3069 si
1601 3012 1686 3070 nec
1714 2983 1902 3098 gravius
1929 2977 2171 3098 quoddam
2197 3011 2280 3070 nec

480 3125 787 3244 longinquius
815 3120 1098 3210 valetudinis
1128 3121 1377 3212 discrimen
1412 3125 1551 3214 finisse
1572 3125 1783 3229 coniicio,
1804 3124 1921 3213 haec
1954 3121 2145 3241 quidem
2179 3149 2283 3210 con-

474 3269 654 3355 iectura
698 3295 907 3372 summa,
938 3267 1127 3384 opinor,
1165 3264 1498 3385 probabilitate
1534 3267 1917 3376 commendatum
1965 3294 2134 3383 nempe
2182 3269 2281 3355 veri

477 3437 711 3528 perquam
744 3409 978 3514 dissimile,
1008 3411 1114 3498 talis
1144 3412 1210 3498 rei
1242 3412 1431 3530 vestigia
1456 3442 1480 3500 e
1505 3413 1735 3500 memoria
1768 3425 2008 3501 matronae
2044 3409 2283 3498 evanuisse

475 3551 535 3640 ad
570 3584 722 3642 unum
761 3554 933 3641 omnia.

576 3693 714 3784 Brevi
734 3725 847 3785 vero
862 3711 967 3814 post
981 3697 1142 3784 aetatis
1160 3725 1271 3786 suae
1286 3726 1465 3785 annum
1481 3697 1721 3789 decimum
1739 3698 1887 3817 typho
1896 3693 2132 3785 laboravit
2143 3696 2279 3783 vehe-

364 3879 370 3888 ·
475 3840 779 3946 montissimo,
804 3869 913 3960 quo,
940 3853 993 3928 ut
1016 3841 1117 3955 ipsa
1148 3827 1313 3944 aiebat',
1332 3837 1548 3930 ellectum
1570 3857 1647 3944 est,
1670 3850 1723 3931 ‘ut
1751 3855 1907 3928 totum
1940 3868 2112 3955 corpus
2132 3840 2273 3927 inces-

474 3983 586 4069 serit
600 3984 735 4102 quasi
752 3982 948 4102 quidam
964 3985 1102 4100 rigor.
1136 3978 1377 4095 Quoniam
1393 3999 1550 4075 autem
1567 3997 1761 4104 propter
1780 3984 2155 4101 angustissimam
2171 4012 2282 4099 pau·

473 4138 703 4242 pertatem
722 4139 935 4214 matrona
955 4129 1101 4215 vitare
1119 4156 1212 4214 non
1231 4131 1396 4244 potuit,
1418 4131 1536 4249 quin
1552 4129 1849 4246 gravissimos
1862 4140 2004 4243 atque
2028 4128 2275 4214 continuos

475 4264 661 4356 labores
688 4266 865 4358 subiret
895 4271 942 4356 in
977 4268 1199 4388 operibus
1233 4272 1419 4358 rusticis
1448 4302 1661 4389 „prono
1696 4279 1965 4388 corpore''
2007 4267 2281 4372 lectitandis,

478 4408 665 4498 decimo
687 4414 887 4530 septimo
907 4415 1068 4502 aetatis
1087 4442 1213 4502 anno
1241 4415 1456 4531 primum
1477 4414 1658 4520 accidit,
1692 4429 1743 4503 ut
1765 4409 2123 4503 vehementibus
2154 4410 2280 4499 dorsi

476 4551 721 4643 doloribus
770 4571 1033 4662 vexaretur,
1074 4559 1328 4675 praecipue
1372 4559 1420 4644 in
1453 4539 1649 4675 regione¹
1678 4558 1865 4646 sacrali:
1913 4586 2033 4675 quos
2081 4585 2190 4643 cum
2230 4557 2277 4640 in

473 4694 571 4786 dies
598 4700 851 4817 susciperet
888 4703 1115 4804 maiores,
1157 4729 1250 4788 non
1292 4703 1445 4819 potuit
1477 4703 1565 4802 nisi
1597 4698 1909 4789 admodum
1949 4698 2278 4816 proclinato

475 4867 720 4958 corpore
750 4845 823 4931 vel
856 4843 1070 4934 incedere
1094 4846 1180 4933 ¹vel
1221 4845 1372 4934 facere
1409 4845 1682 4961 quicquam.
1755 4838 1915 4952 Quare
1948 4831 2216 4924 familiares
2237 4838 2278 4923 ei

475 4998 689 5074 auctores
718 4989 919 5092 fuerunt,
942 5002 993 5076 ut
1021 4987 1152 5076 aliud
1175 4989 1296 5076 vitae
1320 5001 1636 5108 quaestusque
1651 5015 1805 5103 genus,
1826 4984 1971 5100 idque
1991 4979 2051 5067 ad
2069 4981 2278 5099 corporis

474 5123 698 5214 habitum
734 5131 881 5247 magis
907 5127 1195 5246 adaptatum,
1229 5143 1494 5217 sectaretur.

594 5269 833 5359 Vicesimo
875 5269 1067 5359 demum
1105 5270 1310 5360 secundo
1341 5271 1501 5359 aetatis
1530 5298 1654 5357 anno
1684 5295 1862 5358 menses
1901 5271 2112 5388 primum
2151 5294 2272 5356 com-

472 5428 753 5528 paruerunt,
814 5443 923 5503 cum
983 5430 1117 5503 antea
1171 5443 1337 5504 eorum
1385 5444 1443 5503 ne
1492 5413 1733 5502 tantillum
1787 5411 1982 5534 quidem
2041 5409 2301 5500 adfuisset·

541 5619 579 5696 *J
601 5601 808 5703 Quaecunque
829 5621 1001 5702 prolaturos
1025 5641 1089 5685 sum
1111 5624 1150 5686 ad
1173 5625 1361 5687 anamnesim
1380 5623 1573 5704 pertinentia,
1595 5625 1667 5686 item
1688 5627 1814 5701 accepta
1837 5621 1941 5684 relero
1957 5617 2196 5695 Everkenio,
2219 5616 2279 5677 do-

603 5729 682 5791 ctori
704 5729 911 5814 directorique
934 5732 1116 5795 clarissimo.

1954 5846 1977 5915 3
