5632 7112
1387 913 1467 1006 34

527 1121 777 1243 quippiam
797 1091 931 1237 posse
961 1117 1188 1237 indagari,
1218 1128 1267 1203 at
1291 1143 1485 1233 prorsus
1512 1115 1690 1205 nullius
1719 1143 1815 1204 esse
1844 1117 2059 1206 utilitatis
2079 1119 2333 1237 pelvimen·

526 1295 688 1354 sorum
721 1293 876 1353 usum.
937 1261 991 1350 ln
1024 1261 1341 1380 exploratione
1374 1271 1562 1348 externa
1594 1254 1832 1376 indagatio
1862 1261 2064 1377 regionis
2093 1260 2331 1372 lumbalis,

530 1437 766 1529 nusquam
806 1406 885 1494 illa
917 1405 1112 1526 quidem
1148 1402 1429 1523 negligenda,
1467 1404 1624 1521 prima
1655 1432 1814 1492 secum
1853 1401 1968 1492 feret
1998 1400 2174 1491 iudicia
2204 1433 2331 1492 men-

524 1567 718 1671 temque
753 1565 973 1656 nostram,
1007 1551 1350 1670 qualiscunque
1380 1560 1564 1665 praesto
1596 1561 1660 1636 est
1704 1576 1848 1650 casus,
1885 1544 2103 1634 attendet.
2163 1542 2219 1633 In
2257 1577 2327 1636 ex·

525 1697 789 1814 ploratione
818 1699 1012 1802 interna,
1032 1693 1176 1783 modo
1206 1694 1264 1781 sit
1286 1690 1563 1780 faustissime
1590 1691 1739 1807 pelvis
1776 1690 2101 1797 conformatio,
2131 1705 2325 1808 propter

526 1841 754 1958 insignem
798 1838 989 1956 parietis
1029 1837 1299 1954 posterioris
1340 1836 1542 1923 formam
1582 1831 2006 1952 vertebrarumque
2038 1834 2327 1940 columnam,

528 2015 650 2104 quae
681 2013 765 2100 per
794 2011 931 2070 arcus
967 1982 1168 2099 speciem
1207 1977 1355 2096 pelvis
1385 1977 1635 2062 introitum
1668 1971 1861 2092 obtegit,
1895 2006 1953 2064 ne
1979 1977 2189 2096 tantillus
2225 1982 2328 2096 qui-

527 2125 631 2214 dem
669 2122 920 2242 scrupulus
945 2121 1145 2210 residere
1173 2132 1347 2237 potest,
1392 2146 1508 2206 num
1545 2115 1663 2204 adsit
1703 2117 1879 2220 eadem,
1918 2146 2040 2236 quae
2071 2117 2152 2205 hic
2192 2118 2329 2211 nobis

527 2266 815 2368 obversatur,
848 2263 1095 2354 aberratio,

644 2409 861 2526 Denique
888 2423 940 2496 ut
964 2422 1196 2496 transeam
1230 2403 1287 2494 ad
1314 2405 1654 2522 prognosim,
1684 2431 1794 2491 sane
1824 2401 1983 2492 adhuc
2015 2433 2086 2496 res
2109 2406 2174 2493 ita
2206 2435 2329 2495 com-

529 2567 691 2671 parata
734 2566 825 2670 est,
870 2567 938 2658 ut,
977 2553 1062 2670 qui
1100 2553 1373 2638 futurorum
1413 2547 1607 2636 demum
1645 2562 1917 2663 temporum
1951 2547 2174 2639 uberiore
2200 2580 2331 2668 expe·

529 2695 696 2788 rientia
724 2696 980 2783 instructus
1013 2696 1112 2800 erit,
1147 2709 1300 2782 certus
1329 2707 1374 2782 et
1411 2691 1620 2810 locuples
1650 2689 1791 2778 iudex
1821 2721 1914 2782 esse
1942 2707 2096 2810 queat,
2154 2691 2257 2800 Sed,
2290 2696 2330 2785 si

527 2840 876 2928 conclusionem
933 2837 1083 2927 facere
1135 2839 1242 2926 licet
1284 2868 1337 2924 ex
1381 2864 1457 2942 ρο,
1506 2835 1638 2954 quod
1687 2835 1845 2924 adhuc
1901 2835 2202 2926 observatum
2255 2854 2333 2946 est,

527 2983 844 3099 practicarum
884 2982 1205 3099 cognitionum
1233 2993 1500 3070 nostrarum
1537 3011 1764 3068 numerus
1793 2984 2021 3073 adauctus
2053 2995 2119 3070 est
2150 2981 2232 3069 tali
2265 2984 2332 3070 in-

528 3138 663 3212 venta
697 3125 846 3242 pelvis
882 3125 1058 3229 forma,
1090 3125 1220 3243 quali
1254 3123 1584 3212 mechanicum
1627 3125 1786 3242 partui
1826 3119 2005 3212 edendo
2046 3138 2333 3242 provocetur

526 3281 710 3354 tantum
744 3265 1152 3385 impedimentum,
1179 3266 1307 3385 quod
1345 3269 1528 3355 nonnisi
1561 3268 1778 3356 extremis
1808 3269 2189 3387 gravissimisque
2219 3269 2342 3358 artis·

529 3409 821 3498 obstetricias
852 3411 1085 3498 removeri
1110 3411 1254 3528 possit
1280 3409 1592 3517 adminiculis,
1620 3439 1828 3530 quorum
1858 3411 2053 3536 quidem
2073 3414 2333 3529 usurpatio,

531 3583 672 3670 quem
705 3554 903 3670 possit
933 3554 1130 3641 omnino
1158 3554 1337 3642 laetum
1363 3552 1540 3642 habere
1566 3583 1843 3659 successum,
1876 3557 2061 3672 primus
2091 3569 2334 3644 matronae

454 3731 459 3740 ·
528 3691 925 3786 Paderbornensis
955 3712 1118 3816 partus
1155 3695 1359 3786 declarat
1395 3697 1773 3788 luculentissime.

646 4037 1068 4156 Explicatioue
1112 4039 1449 4128 tabularum
1491 4041 1595 4129 iure
1642 4058 1802 4131 nostro
1843 4044 2025 4159 optimo
2062 4039 2333 4130 videbimur

529 4183 839 4316 supersedere.
888 4181 1073 4271 Etenim
1113 4185 1322 4300 pelvium
1358 4181 1417 4270 ad
1450 4181 1842 4304 perpendiculum
1874 4201 1918 4273 et
1948 4183 2207 4274 secundum
2241 4184 2337 4273 dia-

528 4338 712 4412 metron
744 4319 936 4414 'rectam
979 4341 1233 4414 sectarum
1258 4339 1413 4445 partes
1451 4326 1567 4417 adeo
1618 4345 1834 4418 accurate
1873 4343 1982 4416 sunt
2028 4343 2353 4446 repraesenta·

528 4480 626 4572 tae,
670 4482 723 4554 ut
769 4481 934 4586 sponte
976 4467 1033 4554 de
1072 4470 1266 4586 singulis
1301 4473 1398 4558 suis
1441 4468 1703 4558 rationibus
1741 4471 1999 4590 loquantur
2038 4468 2343 4560 disertissime

532 4609 857 4729 explicentque
893 4611 1187 4728 semetipsas
1232 4612 1511 4728 planissime,
1555 4615 1823 4732 cuicunque
1869 4614 1917 4700 in
1973 4610 2147 4700 talibus
2194 4612 2336 4701 rebus

530 4750 830 4868 agnoscendis
855 4753 1014 4872 aliqua
1041 4754 1203 4840 saltem
1237 4753 1486 4843 oculorum
1520 4757 1640 4847 acies
1671 4771 1750 4844 est.
1810 4753 2034 4874 Egregius
2064 4770 2222 4844 autem
2251 4755 2336 4844 ho-

528 4925 638 4982 rum
673 4897 986 5011 speciminum
1021 4895 1184 4983 artifex
1223 4889 1273 4982 C.
1306 4894 1551 4986 Hoheus
1580 4914 1668 5006 est,
1704 4901 1789 5018 qui
1824 4901 1871 4988 iu
1904 4899 2144 4988 academia
2177 4912 2334 4988 nostra

528 5036 793 5127 delineandi
816 5039 1133 5159 pingendique
1168 5053 1316 5130 artem
1350 5039 1586 5157 prodocet,
1611 5040 1734 5130 idem
1767 5042 1846 5130 illc
1873 5041 2026 5160 opifex
2053 5041 2335 5130 eximiarum

529 5177 815 5285 tabularum,
840 5163 962 5300 quae
982 5179 1188 5297 adiectae
1213 5197 1323 5272 suut
1354 5185 1499 5271 nostri
1532 5183 1644 5273 olim
1668 5181 1973 5273 Goldfusii
2000 5183 2132 5300 operi
2164 5183 2337 5273 illustri

531 5320 578 5406 in
617 5322 880 5438 patrefactis
911 5319 1126 5412 versanti.
