5226 7298
1230 854 1267 939 8

339 1088 607 1183 proponam
635 1054 900 1163 lectoribus,
925 1086 1134 1176 qnorum
1163 1057 1249 1175 qui
1283 1057 1451 1143 versati
1484 1070 1592 1143 sunt
1623 1057 1671 1143 in
1703 1057 1780 1145 his
1805 1057 1959 1166 rebus,
1986 1063 2146 1150 statim

342 1206 612 1325 intelligent,
636 1231 727 1290 non
746 1214 924 1321 gratam
953 1199 1033 1288 hic
1060 1197 1320 1319 symbolam
1343 1199 1533 1286 allatam
1554 1227 1649 1287 esse
1680 1228 1753 1288 res
1778 1229 1993 1322 quasque
2012 1205 2150 1293 raris-

347 1350 487 1439 simas
526 1342 829 1450 sectantibus,
872 1342 948 1431 sed
991 1344 1260 1461 frugiferam
1303 1342 1646 1430 institutionem
1693 1339 1908 1458 praeberi
1952 1343 2150 1434 medicis

343 1504 491 1579 artem
525 1484 839 1577 obstetriciam
875 1481 1205 1573 exercentibus.
1268 1480 1461 1602 Quippe
1500 1486 1631 1572 nullo
1668 1513 1777 1574 sane
1811 1481 1998 1604 Oedipo
2028 1517 2150 1606 opus

344 1648 411 1725 est
447 1630 503 1723 ad
536 1628 938 1751 perspiciendum,
976 1629 1087 1745 ipsis
1124 1627 1298 1739 harum
1342 1628 1551 1745 pelvium
1593 1629 1759 1717 formis
1790 1658 1962 1718 novam
2002 1661 2149 1750 quan-

346 1778 455 1865 dam
498 1775 848 1893 neglectamque
886 1771 1044 1858 adhuc
1091 1772 1290 1887 speciem
1336 1771 1588 1875 contineri,
1626 1771 1762 1858 cuins
1803 1772 2014 1890 exempla
2052 1774 2151 1863 sine

346 1918 443 2007 ulla
475 1912 767 2003 dubitatione
786 1912 972 1999 binario
1003 1912 1096 2000 hoc
1119 1939 1317 1999 numero
1333 1909 1466 1996 haud
1499 1908 1583 1996 diu
1611 1912 1871 2016 consistent,
1893 1913 1984 2019 sed,
2017 1913 2149 2034 quod

349 2058 698 2149 Kiwischius
734 2070 856 2143 recte
884 2052 1073 2143 videtur
1102 2055 1379 2141 vaticinatus
1407 2082 1512 2155 esse,
1534 2049 1617 2138 ubi
1642 2053 1854 2169 primum
1879 2058 2148 2174 exemplum

346 2204 615 2305 innotuerit,
644 2199 889 2319 paullatim
925 2197 1105 2285 adalia
1138 2192 1479 2286 eiusdemmodi
1518 2193 1791 2311 reperienda
1828 2198 1954 2286 viros
1985 2197 2148 2287 doctos

346 2336 615 2457 perducent.
675 2330 859 2450 Nempe
895 2346 965 2420 sat
1001 2332 1308 2421 memorabile
1349 2350 1433 2437 est,
1479 2338 1644 2454 exiguo
1683 2339 1824 2426 unius
1862 2337 2146 2461 dimidiique

348 2484 455 2569 anni
489 2480 641 2599 spatio
673 2491 717 2563 et
741 2471 1018 2594 Progensem
1051 2477 1180 2563 illam
1214 2493 1257 2565 et
1281 2475 1714 2567 Paderbornensem
1748 2483 1923 2598 pelvim
1957 2483 2013 2570 ad
2049 2484 2150 2574 dias

348 2626 541 2713 luminis
572 2650 676 2708 oras
706 2621 979 2737 pervenisse.
1028 2617 1248 2737 Namque
1278 2652 1301 2708 e
1338 2619 1583 2709 Seiferti
1616 2625 1883 2711 narratione
1913 2624 1989 2714 die
2023 2640 2150 2715 sexto

347 2768 518 2855 niensis
548 2762 726 2875 Iunii*)
758 2766 867 2850 anni
910 2770 1019 2851 1849
1054 2767 1304 2853 sectionem
1338 2795 1595 2854 caesaream
1631 2765 1800 2852 factam
1831 2797 1924 2855 esse
1962 2771 2149 2876 scimus

348 2908 851 3024 Ercrkeniumque
867 2919 1029 2995 testem
1051 2907 1294 3011 habemus
1318 2908 1630 3026 septendecim
1653 2907 1893 2997 mensibus
1909 2925 2025 3026 post,
2051 2912 2097 2998 h.
2112 2942 2149 3000 e.

348 3048 884 3140 ‹lieffillecombrisanni
909 3059 1032 3157 1850,
1045 3048 1872 3141 feminamPaderbornensemeidem
1889 3054 2149 3170 operationi

354 3197 400 3283 in
435 3226 593 3283 rerum
630 3196 845 3282 omnium
880 3195 1212 3283 infaustissimo
1247 3195 1522 3283 condicione
1553 3224 1647 3282 esse
1667 3193 1940 3282 subiectam.
1994 3200 2151 3314 Atque

350 3336 430 3425 nte
462 3340 557 3457 ipse.
584 3368 727 3441 casus,
752 3352 877 3426 extra
900 3336 1242 3428 dubitationem
1259 3341 1465 3456 positum
1494 3351 1559 3424 est
1584 3337 1702 3455 quin
1729 3339 1918 3452 gravior
1948 3340 2018 3443 sit,
2051 3367 2146 3425 non

351 3482 503 3569 solutu
528 3480 659 3600 quod
682 3511 780 3569 rem
800 3478 857 3567 de
880 3510 975 3599 qua
996 3483 1147 3569 acturi
1181 3512 1343 3569 sumus
1376 3481 1585 3598 pleniore
1604 3494 1646 3567 et
1671 3480 1986 3567 manifestiore
2007 3479 2152 3569 modo

349 3636 672 3741 repraesentat,
704 3655 869 3712 reruni
899 3626 1052 3712 multo
1087 3627 1244 3743 magis,
1277 3623 1407 3744 quod
1441 3653 1563 3742 quae
1591 3621 1647 3709 de
1680 3624 1774 3710 vita
1800 3624 1998 3711 feminae
2024 3624 2153 3713 illius

352 3782 589 3884 comperta
631 3766 862 3856 habemus
904 3768 966 3855 ita
1012 3785 1282 3886 comparata
1323 3782 1453 3869 sunt,
1494 3764 1603 3852 inde
1634 3779 1688 3852 ut
1729 3795 1837 3853 cum
1872 3767 2030 3885 aliqua
2070 3766 2153 3854 sal-

349 3924 441 3999 tent
476 3910 753 3999 certitudine.
784 3908 843 3999 de
879 3940 973 3998 uua
1009 3911 1170 4030 aliqua
1204 3912 1397 4029 originis
1418 3910 1609 4013 ratione,
1647 3905 1704 3995 de
1736 3939 1829 4027 qua
1862 3908 2023 3998 cadem
2054 3908 2152 3997 sola

350 4056 540 4143 tortasse.
577 4055 682 4143 licet
716 4042 930 4173 cogitare,
963 4053 1194 4143 iudicium
1226 4052 1328 4142 fieri
1368 4053 1523 4171 possit.

1226 4267 1273 4347 1.

837 4423 1238 4505 observatio
1285 4422 1671 4524 pragensis.

934 4625 974 4684 a.
1006 4594 1227 4686 Narratio
1257 4600 1482 4689 historica
1497 4590 1571 4706 ⁴⁴).

475 4791 745 4915 Primipara
789 4794 1022 4915 quaedam
1056 4800 1219 4917 viginti
1264 4816 1488 4919 quattuor
1528 4825 1675 4888 annos
1717 4813 1848 4901 nata,
1894 4827 2015 4916 quae
2052 4813 2152 4887 toto

357 4938 537 5055 expleto
581 4938 873 5057 graviditatis
912 4968 1023 5029 suae
1060 4955 1273 5060 tempore
1316 4941 1520 5030 biduum
1566 4945 1660 5029 iam
1703 4939 1887 5029 dolores
1937 4958 2150 5051 senserat,

416 5200 452 5265 *t
473 5196 554 5259 tttw
567 5197 739 5262 ischias
760 5196 882 5279 quidem
904 5197 926 5261 l.
948 5198 968 5262 l.
988 5219 1017 5281 p.
1038 5202 1093 5261 tna*
1114 5220 1222 5264 mense
1244 5204 1350 5265 llrrtio
1379 5207 1450 5264 anni
1477 5206 1556 5266 1550
1581 5210 1754 5284 susceptam
1776 5203 1988 5283 operationem
2010 5222 2080 5267 esse
2102 5205 2152 5266 di·

482 5306 532 5366 cit.
576 5306 695 5370 Falsum
718 5326 793 5371 reru
825 5308 885 5370 boc
917 5326 988 5371 cssc
1009 5312 1196 5390 conspicitur
1227 5331 1267 5374 ex
1293 5315 1471 5375 uenatione
1499 5313 1669 5376 Seiierti
1693 5311 1804 5374 medici
1834 5316 1884 5392 qui
1917 5316 2013 5392 ipsam
2047 5331 2152 5375 curam

479 5415 655 5479 aiitdcrattu
677 5424 733 5479 cst.

397 5526 455 5591 ”t
477 5524 619 5589 t'ontinet
639 5524 718 5589 liaeo
737 5526 876 5590 breviata
896 5530 1032 5591 namatio
1052 5502 1200 5593 muman
1225 5548 1334 5594 eorum
1355 5549 1435 5612 qnae
1457 5530 1498 5592 de
1519 5530 1627 5594 andem
1645 5550 1682 5595 re
1703 5533 1824 5612 scripsit
1846 5533 1912 5612 ipse
1935 5529 2152 5593 Seilertus
