5632 7112
468 1151 693 1244 remansit
728 1147 976 1240 dubitatio.
1035 1145 1205 1272 Neque
1232 1145 1362 1268 apud
1400 1145 1659 1239 familiares
1685 1142 1786 1235 eius
1824 1159 1984 1264 postca
2026 1153 2175 1244 factae
2210 1152 2279 1239 vi

474 1293 647 1386 dentur
687 1292 1104 1412 percunctationes.
1177 1287 1482 1410 Quapropter
1520 1288 1708 1380 veniam
1738 1287 1874 1376 facile
1916 1288 2281 1406 impetrabimus

475 1439 772 1530 coniecturae
802 1451 998 1545 nostrae,
1030 1436 1322 1526 anamnesim
1348 1434 1533 1524 nonita
1560 1444 1884 1550 comparatam
1913 1459 2021 1537 esse,
2045 1445 2101 1520 111
2129 1433 2180 1522 in
2208 1463 2277 1540 ea,

472 1597 723 1701 tamquam
752 1577 896 1671 firmo
924 1577 1243 1681 fundamen-to,
1265 1575 1435 1695 pedem
1458 1576 1596 1668 liceat
1624 1575 1765 1696 figere
1794 1573 1855 1664 ad
1884 1571 2299 1707 ratiocinandum..

476 1722 544 1816 Ut
581 1723 731 1814 libere
749 1721 907 1810 dicam
943 1718 1075 1839 quod
1105 1719 1327 1839 equidem
1360 1720 1519 1824 sentio,
1551 1745 1666 1807 non
1695 1719 2009 1839 ingenitam
2030 1721 2156 1810 hanc
2185 1747 2282 1812 esse

475 1867 691 1986 pelvium
730 1864 1016 1954 anomaliam
1055 1861 1218 1970 credo,
1255 1859 1336 1952 sed
1373 1862 1563 1979 ipsius
1603 1863 1759 1952 vitae
1798 1862 2051 1953 decursu
2081 1878 2282 1954 ortam.

474 2009 532 2098 In
575 2009 658 2097 illo
694 2007 878 2112 saltem,
909 2037 1054 2127 quem
1093 2006 1253 2126 priore
1290 2006 1396 2094 loco
1442 2007 1844 2123 pertractavimus,
1880 2037 1987 2096 casu
2022 2004 2286 2098 Paderbor·

476 2151 623 2254 censi,
656 2149 773 2269 quin
805 2148 924 2238 haec
948 2149 1174 2238 sententia
1204 2148 1342 2238 unice
1373 2162 1502 2238 recte
1527 2177 1573 2238 se
1604 2145 1786 2256 habeat,
1808 2179 1866 2240 ne
1896 2153 1938 2240 ei
1959 2148 2155 2271 quidem
2182 2149 2285 2238 ullo

478 2290 625 2384 modo
662 2291 942 2411 ambiguum
981 2322 1076 2382 esse
1112 2305 1285 2411 potest,
1324 2293 1409 2412 qui
1442 2291 1517 2380 vel
1546 2290 1711 2380 leviter
1745 2292 2076 2382 tantummodo
2122 2290 2285 2388 morbi

478 2437 728 2528 historiam
759 2438 1060 2555 percurrerit.
1108 2433 1178 2525 Ex
1197 2467 1250 2525 ea
1282 2436 1407 2524 enim
1426 2435 1534 2526 lioet
1553 2463 1740 2524 summa
1771 2464 1882 2524 cum
1898 2433 1994 2525 fide
2013 2436 2284 2555 intelligere,

480 2596 663 2674 certum
685 2577 804 2668 illud
829 2582 1024 2686 malum,
1057 2608 1155 2700 quo
1185 2580 1407 2669 columna
1427 2577 1756 2668 vertebrarum
1784 2579 2038 2698 elegitimo
2068 2609 2154 2670 suo
2178 2579 2286 2670 loeo

480 2724 662 2814 dimota
693 2724 763 2832 sit,
794 2724 995 2841 septimo
1025 2722 1211 2814 decimo
1254 2722 1449 2814 demum
1487 2723 1649 2812 aetatis
1686 2752 1810 2812 armo
1847 2724 2061 2840 primum
2099 2751 2288 2841 compa·

480 2869 641 2958 ruisse.
701 2865 890 2956 Etenim
921 2881 1025 2954 tum
1057 2868 1320 2985 gravissimi
1356 2865 1428 2954 illi
1462 2863 1647 2955 dolores
1682 2868 1872 2956 saccalis
1902 2867 1994 2955 orti
2024 2881 2149 2974 sunt,
2181 2868 2286 2988 qui·

479 3011 681 3100 buscum
713 3039 763 3100 se
791 3010 984 3099 sociavit
1011 3009 1226 3128 corporis
1262 3010 1510 3126 singularis
1540 3010 1620 3100 ille
1649 3008 1860 3118 habitus,
1892 3040 1992 3129 quo
2023 3011 2195 3100 misera
2225 3010 2287 3099 fe·

478 3155 610 3242 mina
647 3152 913 3272 cogebatur,
946 3168 1002 3242 ut
1034 3151 1392 3273 quadrupedem
1417 3155 1466 3242 in
1499 3152 1842 3274 progrediendo
1866 3154 2146 3243 imitaretur.
2189 3147 2291 3243 Nec

478 3299 651 3418 magis,
687 3298 974 3417 simulatque
1020 3299 1237 3386 animum
1278 3295 1571 3387 advertimus
1611 3293 1673 3386 ad
1710 3296 1835 3386 vitae
1877 3299 2071 3412 negotia,
2099 3299 2129 3385 i.
2159 3328 2195 3385 e.
2227 3291 2291 3385 ad

480 3443 729 3532 continuos
764 3443 864 3529 sere
890 3439 1175 3559 eosdemque
1205 3439 1482 3530 durissimos
1506 3438 1690 3530 labores
1720 3472 1747 3530 a
1779 3441 1954 3531 fernim
1981 3442 2031 3528 in
2065 3437 2292 3559 operibus

480 3585 668 3674 rusticis
707 3583 993 3704 pronissimo
1030 3613 1230 3704 corpore
1264 3598 1520 3704 susceptos,
1553 3583 1776 3703 ambigua
1813 3612 1908 3675 esse
1946 3597 2097 3703 potest
2128 3613 2291 3674 caussa

481 3728 798 3834 occasionalis,
831 3755 951 3846 qua,
990 3756 1100 3816 cum
1133 3743 1349 3848 aegrotae·
1391 3728 1787 3848 perniciosissima
1824 3730 1990 3818 inesset
2033 3727 2291 3848 dispositio,

485 3872 668 3960 malum
700 3883 946 3989 tamquam
984 3868 1045 3957 ad
1080 3873 1342 3989 perfectum
1373 3870 1602 3990 perducta
1629 3873 1701 3960 sit.

603 4010 731 4101 Hinc
757 4041 878 4120 sane,
902 4011 1035 4132 quod
1064 4015 1113 4100 in
1143 3999 1362 4103 matrona
1392 4012 1768 4107 Paderbornensi
1799 4015 1976 4104 harum
2015 4041 2289 4106 caussarum

484 4153 685 4244 efficacia
723 4155 1070 4246 evidentissima
1109 4172 1197 4265 est,
1234 4187 1321 4276 per
1350 4187 1397 4246 se
1430 4160 1627 4250 minime
1667 4159 1995 4278 consequitur,
2034 4155 2294 4249 earundem

482 4299 533 4385 in
574 4327 809 4419 puerpera
837 4296 1062 4420 Pragensi
1100 4299 1395 4392 statuendam
1439 4331 1534 4392 esse
1571 4318 1763 4417 ἐνέργειαν.
1822 4299 1914 4390 Sed
1953 4303 1994 4391 si
2038 4331 2199 4420 reapse
2226 4302 2295 4392 ita

485 4455 890 4560 argumentamur,
919 4444 999 4532 vix
1024 4473 1257 4552 veremur,
1289 4477 1346 4535 ne
1367 4447 1543 4536 rectius
1572 4445 1969 4564 vituperationem
1990 4445 2295 4534 incurramus

486 4613 638 4702 quam
675 4587 729 4692 ei,
762 4587 847 4705 qui
885 4586 985 4674 sine
1014 4588 1241 4706 scrupulo
1270 4617 1541 4710 parumque
1570 4604 1706 4679 cante
1742 4589 1959 4678 vitiosam
1980 4587 2112 4678 'hanc
2146 4588 2297 4708 pelvis

486 4727 785 4818 insolentiam
824 4727 1031 4819 habeant
1065 4731 1334 4852 ingenitam.
1400 4729 1600 4854 Quippe
1637 4735 1819 4824 borum
1854 4733 2154 4853 explicationi
2183 4761 2297 4822 non·

485 4871 577 4959 nisi
614 4870 969 4991 opinationibus
1007 4874 1108 4965 leve
1144 4855 1343 4994 paratur
1375 4879 1721 4998 patrocinium,
1765 4891 1974 4966 nostram
2003 4896 2116 4966 vero
2166 4905 2297 4994 cxpe-

489 5010 650 5102 diendi
698 5017 824 5105 viam
870 5031 914 5108 et
951 5019 1253 5110 commendat
1300 5035 1347 5112 et
1378 5033 1540 5110 uretur
1592 5037 1775 5112 eertum
1816 5019 2061 5142 quoddam
2103 5023 2297 5130 factum,

489 5153 624 5274 quod
645 5158 805 5274 negari
830 5160 996 5279 nequit
1025 5171 1070 5251 et
1092 5162 1224 5283 quod
1251 5194 1342 5286 pro
1367 5177 1466 5254 tota
1486 5164 1645 5256 visua
1680 5168 1868 5287 penitus
1889 5179 2188 5288 perspectum
2220 5177 2302 5255 cst.

486 5293 737 5390 Praeterea
768 5330 890 5390 cum
924 5303 1025 5394 huc
1060 5307 1263 5417 accedat,
1303 5308 1437 5430 quod
1469 5309 1518 5398 in
1550 5325 1759 5432 utroque
1786 5339 1897 5402 casu
1932 5307 2100 5401 eadem·
2135 5335 2301 5400 rervm

485 5441 712 5534 condicio
738 5441 984 5537 observata
1016 5479 1113 5542 esse
1143 5451 1335 5543 videtur
1365 5469 1509 5576 atque
1539 5446 1775 5565 decursus,
1807 5483 1906 5576 quo
1937 5453 2100 5546 cadem
2131 5456 2301 5564 forma,

487 5586 629 5676 tionis
649 5585 895 5682 diversitas
914 5589 1074 5685 effecta
1101 5597 1178 5687 sit:
1216 5627 1433 5692 summae
1452 5629 1561 5691 sanc
1589 5595 1938 5721 probabilitatis
1961 5601 2136 5720 species
2155 5597 2302 5692 adest.
