5226 7298
596 1036 838 1152 Quoniam
867 1044 1026 1120 autem
1057 1029 1272 1121 vertebra
1309 1028 1532 1120 lumbalis
1562 1031 1730 1148 quinta
1761 1028 1819 1120 de
1857 1032 1963 1120 loco
2000 1061 2087 1122 suo
2117 1036 2183 1123 ita
2213 1034 2289 1129 de·-

475 1183 607 1301 lapsa
646 1190 733 1280 cst,
764 1189 819 1261 ut
851 1175 900 1261 in
932 1175 1208 1263 universum
1240 1172 1433 1293 quidem
1467 1174 1615 1291 ipsius
1658 1174 1933 1290 coniugatae
1963 1177 2090 1264 viam
2124 1194 2283 1271 secuta

475 1326 549 1425 sit,
571 1352 623 1408 re
648 1345 756 1407 vera
786 1330 944 1405 tamen
975 1318 1137 1434 paullo
1167 1317 1487 1405 sinistrorsum
1520 1314 1715 1404 abierit:
1748 1316 1926 1405 factum
1942 1349 2036 1408 esse
2056 1319 2285 1430 videmus,

475 1478 531 1551 ut
561 1476 660 1551 tota
697 1461 918 1549 columna
952 1439 1275 1549 vertebrarum
1309 1462 1415 1578 plus
1446 1462 1663 1547 minusve
1695 1457 1994 1567 descenderit,
2025 1466 2286 1582 speciatim·

477 1635 573 1725 que
592 1604 835 1694 vertebrae
854 1602 1085 1691 lumbales
1112 1606 1236 1692 iusto
1266 1605 1451 1720 longius
1476 1603 1775 1720 pervenerint
1800 1603 2020 1693 deorsum
2055 1609 2102 1694 in
2135 1612 2284 1727 pelvis

475 1750 672 1838 maioris
691 1749 956 1837 circuitum.
989 1744 1375 1863 Quotiescunque
1392 1747 1518 1833 enim
1544 1745 1780 1863 pelvim,a
1810 1747 2016 1864 regulari
2046 1768 2286 1848 structura

474 1922 569 1981 non
609 1890 922 1996 recedentem,
951 1889 1010 1977 ad
1056 1887 1468 2007 perpendiculum,
1494 1888 1542 1975 h.
1579 1920 1615 1976 e.
1654 1892 1720 1976 ita
1749 1902 1981 1996 tenemus,
2013 1909 2066 1980 ut
2099 1897 2282 1987 nullam

474 2064 670 2153 prorsus
701 2031 874 2123 habeat
904 2033 1279 2120 inclinationem:
1312 2030 1522 2120 vertebra
1547 2030 1772 2120 lumbalis
1793 2035 1973 2151 quinta,
1994 2037 2033 2123 si
2050 2041 2281 2130 maiorem

475 2177 737 2267 diametron
754 2192 1066 2299 transversam
1080 2206 1165 2293 per
1185 2177 1373 2292 pelvim,
1390 2206 1537 2294 quam
1553 2190 1721 2265 vocant
1739 2177 1981 2285 maiorem,
1993 2180 2278 2297 perduxeris,

475 2322 722 2440 attingitur
750 2320 846 2407 fere
877 2320 924 2405 in
950 2320 1068 2407 facie
1101 2320 1334 2408 anteriore
1372 2320 1519 2435 partis
1548 2319 1712 2406 tertiae
1741 2317 2008 2435 superioris.
2069 2321 2280 2416 Eandem

473 2496 588 2555 vero
615 2467 848 2553 rationem
879 2465 917 2550 si
949 2463 1009 2550 ad
1038 2462 1317 2552 abnormem
1348 2463 1499 2550 hance
1528 2462 1706 2579 pelvim
1737 2463 2085 2572 transferamus,
2114 2469 2280 2560 eadem

473 2608 557 2696 illa
602 2607 856 2696 diametros
893 2622 1154 2695 transversa
1188 2636 1333 2726 pone
1373 2607 1626 2723 proprium
1670 2604 1912 2695 vertebrae
1947 2608 2171 2700 lumbalis
2200 2644 2283 2706 se-

473 2748 701 2839 cundae
727 2779 900 2868 corpus
929 2752 994 2837 ita
1025 2751 1236 2866 pertinet,
1267 2764 1322 2837 ut
1351 2747 1558 2836 mediam
1585 2749 1681 2835 fere
1709 2763 1891 2866 partem
1931 2768 2190 2868 praetereat
2200 2751 2255 2870 *).

594 2890 728 3004 Quae
753 2896 913 2981 omnia
945 2924 1055 2981 cum
1079 2895 1145 2980 ita
1171 2923 1218 2980 se
1239 2890 1456 2997 habeant,
1480 2922 1565 3009 per
1586 2889 1829 2980 vertebrae
1852 2892 2075 2983 lumbalis
2105 2930 2280 3017 quar·

469 3050 560 3127 tae
588 3050 773 3155 partem
809 3038 1102 3152 superiorem
1140 3035 1442 3123 manifestum
1475 3049 1542 3125 est
1575 3038 1911 3152 repraesentari
1943 3068 2136 3129 revera
2172 3074 2277 3160 pro-

471 3182 780 3286 montorium,
811 3212 897 3269 nec
929 3182 1086 3269 minus
1113 3194 1319 3298 apparet,
1345 3193 1499 3267 totum
1533 3176 1653 3265 illud
1685 3181 1892 3294 spatium
1924 3183 2047 3272 inter
2077 3184 2274 3277 eandem

470 3322 736 3414 vertebram
761 3340 804 3413 et
822 3324 1095 3443 symphysin
1128 3325 1302 3412 ossium
1328 3320 1469 3440 pubis
1500 3337 1786 3440 porrectum,
1819 3325 1916 3411 sive
1947 3354 2051 3412 eam
2088 3328 2274 3437 lineam,

472 3496 596 3588 quae
626 3464 846 3554 diametri
877 3480 1028 3553 rectae
1048 3457 1111 3576 “l
1150 3467 1255 3553 loco
1296 3463 1523 3555 censenda
1551 3468 1630 3571 sit,
1669 3465 2043 3583 magnitudinem
2077 3499 2191 3585 prae
2229 3501 2277 3560 se

470 3610 595 3700 ferre
629 3610 682 3697 Ψ
713 3616 740 3696 8
771 3608 833 3696 ad
862 3609 940 3697 9¹⁴⁴.
1373 3725 1376 3731 Ι

587 3752 680 3845 Per
720 3785 882 3843 rerum
921 3768 1079 3841 autem
1114 3767 1289 3840 statum
1328 3754 1516 3872 qualem
1549 3782 1692 3871 supra
1725 3751 2028 3843 exhibuimus
2068 3785 2161 3844 non
2194 3786 2275 3874 po-

468 3900 563 3988 tuit
595 3928 689 3985 non
726 3895 841 4000 fieri,
876 3898 993 4015 quin
1034 3895 1329 4015 profunditas
1360 3897 1558 3984 minoris
1582 3924 1775 4013 quoque
1805 3897 1955 4015 pelvis
1986 3901 2275 3989 comminue·

468 4057 614 4131 retur.
680 4038 750 4128 Ea
779 4042 926 4144 enim,
960 4070 1069 4127 cum
1107 4043 1155 4127 in
1185 4040 1426 4159 symphysi
1465 4039 1640 4127 ossium
1677 4037 1819 4157 pubis
1863 4053 1907 4127 et
1938 4040 1985 4126 in
2018 4041 2278 4159 parietibus

467 4186 617 4306 pelvis
653 4182 924 4271 lateralibus
954 4184 1127 4271 insoliti
1159 4185 1298 4301 plane
1325 4183 1445 4269 nihil
1477 4179 1660 4287 habeat,
1693 4181 1816 4269 linea
1846 4197 2016 4288 tamen,
2042 4213 2166 4302 quae
2196 4183 2280 4274 du·

468 4330 594 4418 citur
630 4356 658 4415 a
697 4325 851 4414 media
889 4341 1022 4443 parte
1057 4327 1190 4414 faciei
1228 4326 1475 4414 anterioris
1521 4324 1737 4442 delapsae
1777 4323 2016 4413 vertebrae
2057 4324 2280 4417 lumbalis

466 4470 530 4559 ad
556 4471 721 4588 apicen
755 4471 867 4557 ossis
903 4473 1035 4571 sacri,
1067 4483 1134 4557 est
1158 4484 1344 4557 tantum
1373 4468 1425 4556 2¹¹
1457 4468 1532 4555 7¹¹⁴.

531 4815 569 4891 t)
592 4810 807 4874 Kiwischii
832 4811 851 4873 1.
872 4811 892 4872 l.
916 4830 944 4891 p.
967 4810 1024 4874 169
1048 4810 1185 4890 prolatae
1206 4811 1376 4873 sentcntiae
1399 4809 1487 4871 huic:
1519 4809 1569 4885 ,ln
1589 4806 1684 4888 Folge
1706 4807 1762 4868 der
1783 4805 2063 4889 ungewohnlichen
2085 4809 2276 4872 Dislocation

593 4921 650 4983 der
664 4920 896 5001 Wirbelkorper
918 4921 987 4983 sind
1012 4920 1307 4983 ‹lieDornlortsitze
1331 4920 1388 4982 der
1406 4916 1651 4993 Lendenwirbel,
1674 4916 1725 4976 die
1751 4917 1897 4997 ubrigens
1920 4918 2039 4980 normal
2061 4917 2198 4999 gebildet
2221 4938 2276 4981 er-

590 5030 760 5109 scheinen,
780 5030 879 5094 sehr
904 5029 1018 5091 dicht
1041 5027 1381 5111 aneinandergeruckt“
1402 5028 1662 5107 relinquentem
1686 5025 1808 5106 quidem
1829 5044 1887 5089 nos
1907 5028 2033 5108 assequi
2059 5044 2232 5108 possumus,
2257 5050 2276 5092 e

588 5139 687 5219 pelvis
713 5140 808 5218 ipsius
835 5139 1024 5202 condicione
1048 5139 1170 5203 accedit
1200 5139 1410 5213 confirmati03
1443 5144 1570 5199 atvero
1593 5137 1674 5197 idem
1696 5142 1806 5200 auctor
1827 5138 1898 5215 hoc,
1921 5136 2003 5220 quod
2024 5138 2089 5198 suis
2109 5137 2212 5200 verbis
2233 5139 2275 5201 ita

591 5246 682 5310 dicit:
706 5247 785 5329 ,und
809 5268 842 5312 es
871 5247 953 5327 zeigt
974 5246 1024 5309 die
1046 5246 1297 5333 hendengegend
1322 5249 1371 5309 ein
1402 5246 1523 5308 starkes
1547 5244 1863 5329 Eingesunkenseim,
1887 5247 2068 5309 observavit
2090 5247 2274 5309 rectissime.

506 5357 570 5434 ”J
591 5355 723 5436 Delapsa
752 5357 802 5420 illa
822 5358 965 5421 vertebra
995 5357 1135 5421 lumbatis
1162 5360 1266 5440 quinta
1292 5357 1320 5421 si
1343 5356 1509 5441 cogitando
1541 5361 1759 5433 removeatur,
1789 5375 1883 5419 verae
1919 5356 2104 5439 coniugata'e
2137 5371 2282 5419 mensura

592 5472 640 5529 est
664 5467 705 5530 4¹¹
729 5466 793 5528 4¹¹⁴.
