<?xml version="1.0" encoding="UTF-8"?>
<!DOCTYPE html PUBLIC "-//W3C//DTD XHTML 1.0 Transitional//EN"
    "http://www.w3.org/TR/xhtml1/DTD/xhtml1-transitional.dtd">
<html xmlns="http://www.w3.org/1999/xhtml" xml:lang="en" lang="en">
 <head>
  <title>
</title>
<meta http-equiv="Content-Type" content="text/html;charset=utf-8" />
  <meta name='ocr-system' content='tesseract 3.04.00' />
  <meta name='ocr-capabilities' content='ocr_page ocr_carea ocr_par ocr_line ocrx_word'/>
</head>
<body>
  <div class='ocr_page' id='page_1' title='image "./despondylolisth00kiligoog_0013.png"; bbox 0 0 5632 7112; ppageno 0'>
   <div class='ocr_carea' id='block_1_1' title="bbox 459 1135 2277 5265">
    <p class='ocr_par' dir='ltr' id='par_1_1' title="bbox 459 1135 2277 5265">
     <span class='ocr_line' id='line_1_1' title="bbox 463 1135 2265 1270; baseline -0.007 -25"><span class='ocrx_word' id='word_1_1' title='bbox 463 1155 693 1270; x_wconf 89' lang='lat' dir='ltr'><strong>cuiusque</strong></span> <span class='ocrx_word' id='word_1_2' title='bbox 725 1148 935 1268; x_wconf 85' lang='lat' dir='ltr'><strong>liquores</strong></span> <span class='ocrx_word' id='word_1_3' title='bbox 964 1143 1113 1234; x_wconf 90' lang='lat' dir='ltr'><strong>amnii</strong></span> <span class='ocrx_word' id='word_1_4' title='bbox 1143 1173 1197 1233; x_wconf 89' lang='lat' dir='ltr'><strong>ex</strong></span> <span class='ocrx_word' id='word_1_5' title='bbox 1227 1154 1359 1260; x_wconf 88' lang='lat' dir='ltr'><strong>parte</strong></span> <span class='ocrx_word' id='word_1_6' title='bbox 1381 1141 1505 1232; x_wconf 87' lang='lat' dir='ltr'><strong>lente</strong></span> <span class='ocrx_word' id='word_1_7' title='bbox 1533 1135 1834 1244; x_wconf 86' lang='lat' dir='ltr'><strong>defluxerant,</strong></span> <span class='ocrx_word' id='word_1_8' title='bbox 1864 1139 1965 1256; x_wconf 87' lang='lat' dir='ltr'><strong>ipsa</strong></span> <span class='ocrx_word' id='word_1_9' title='bbox 1995 1172 2041 1230; x_wconf 90' lang='lat' dir='ltr'><strong>se</strong></span> <span class='ocrx_word' id='word_1_10' title='bbox 2072 1142 2265 1232; x_wconf 82' lang='lat' dir='ltr'>tradidit</span> 
     </span>
     <span class='ocr_line' id='line_1_2' title="bbox 461 1279 2264 1410; baseline -0.005 -26"><span class='ocrx_word' id='word_1_11' title='bbox 461 1299 509 1384; x_wconf 90' lang='lat' dir='ltr'><strong>in</strong></span> <span class='ocrx_word' id='word_1_12' title='bbox 542 1294 768 1383; x_wconf 89' lang='lat' dir='ltr'><strong>clinicum</strong></span> <span class='ocrx_word' id='word_1_13' title='bbox 785 1289 1016 1410; x_wconf 86' lang='lat' dir='ltr'><strong>Prageuse</strong></span> <span class='ocrx_word' id='word_1_14' title='bbox 1047 1286 1370 1378; x_wconf 81' lang='lat' dir='ltr'><strong>obstetricium</strong></span> <span class='ocrx_word' id='word_1_15' title='bbox 1402 1283 1478 1372; x_wconf 91' lang='lat' dir='ltr'><strong>die</strong></span> <span class='ocrx_word' id='word_1_16' title='bbox 1499 1283 1824 1374; x_wconf 88' lang='lat' dir='ltr'><strong>sextomensis</strong></span> <span class='ocrx_word' id='word_1_17' title='bbox 1849 1279 1975 1367; x_wconf 91' lang='lat' dir='ltr'><strong>Iunii</strong></span> <span class='ocrx_word' id='word_1_18' title='bbox 2009 1289 2120 1370; x_wconf 91' lang='lat' dir='ltr'><strong>anni</strong></span> <span class='ocrx_word' id='word_1_19' title='bbox 2139 1293 2264 1374; x_wconf 79' lang='lat' dir='ltr'><strong>tete.</strong></span> 
     </span>
     <span class='ocr_line' id='line_1_3' title="bbox 461 1423 2266 1549; baseline -0.006 -22"><span class='ocrx_word' id='word_1_20' title='bbox 461 1436 578 1528; x_wconf 90' lang='lat' dir='ltr'><strong>lude</strong></span> <span class='ocrx_word' id='word_1_21' title='bbox 603 1435 664 1526; x_wconf 90' lang='lat' dir='ltr'><strong>ab</strong></span> <span class='ocrx_word' id='word_1_22' title='bbox 701 1436 897 1524; x_wconf 78' lang='lat' dir='ltr'><strong>infantia</strong></span> <span class='ocrx_word' id='word_1_23' title='bbox 939 1433 1117 1549; x_wconf 91' lang='lat' dir='ltr'><strong>optime</strong></span> <span class='ocrx_word' id='word_1_24' title='bbox 1149 1458 1334 1548; x_wconf 81' lang='lat' dir='ltr'><strong>semper</strong></span> <span class='ocrx_word' id='word_1_25' title='bbox 1364 1429 1594 1534; x_wconf 82' lang='lat' dir='ltr'><strong>valuerat,</strong></span> <span class='ocrx_word' id='word_1_26' title='bbox 1635 1430 1796 1547; x_wconf 91' lang='lat' dir='ltr'><strong>exigua</strong></span> <span class='ocrx_word' id='word_1_27' title='bbox 1837 1423 2031 1546; x_wconf 89' lang='lat' dir='ltr'><strong>quidem</strong></span> <span class='ocrx_word' id='word_1_28' title='bbox 2064 1428 2266 1548; x_wconf 92' lang='lat' dir='ltr'><strong>exilique</strong></span> 
     </span>
     <span class='ocr_line' id='line_1_4' title="bbox 461 1560 2266 1697; baseline -0.007 -27"><span class='ocrx_word' id='word_1_29' title='bbox 461 1583 552 1670; x_wconf 85' lang='lat' dir='ltr'><strong>fuit</strong></span> <span class='ocrx_word' id='word_1_30' title='bbox 586 1579 799 1697; x_wconf 88' lang='lat' dir='ltr'><strong>corporis</strong></span> <span class='ocrx_word' id='word_1_31' title='bbox 827 1560 1016 1679; x_wconf 87' lang='lat' dir='ltr'><strong>statura,</strong></span> <span class='ocrx_word' id='word_1_32' title='bbox 1049 1603 1103 1660; x_wconf 92' lang='lat' dir='ltr'><strong>ea</strong></span> <span class='ocrx_word' id='word_1_33' title='bbox 1135 1587 1292 1660; x_wconf 89' lang='lat' dir='ltr'><strong>autem</strong></span> <span class='ocrx_word' id='word_1_34' title='bbox 1323 1572 1622 1688; x_wconf 86' lang='lat' dir='ltr'><strong>superiorum</strong></span> <span class='ocrx_word' id='word_1_35' title='bbox 1649 1572 2026 1690; x_wconf 88' lang='lat' dir='ltr'><strong>inferiorumque</strong></span> <span class='ocrx_word' id='word_1_36' title='bbox 2054 1571 2266 1688; x_wconf 90' lang='lat' dir='ltr'><strong>partium</strong></span> 
     </span>
     <span class='ocr_line' id='line_1_5' title="bbox 464 1714 2266 1835; baseline -0.005 -22"><span class='ocrx_word' id='word_1_37' title='bbox 464 1723 859 1826; x_wconf 84' lang='lat' dir='ltr'><strong>conformatione,</strong></span> <span class='ocrx_word' id='word_1_38' title='bbox 891 1744 1012 1835; x_wconf 92' lang='lat' dir='ltr'><strong>quae</strong></span> <span class='ocrx_word' id='word_1_39' title='bbox 1049 1743 1244 1802; x_wconf 89' lang='lat' dir='ltr'><strong>omnem</strong></span> <span class='ocrx_word' id='word_1_40' title='bbox 1282 1743 1499 1800; x_wconf 88' lang='lat' dir='ltr'><strong>normam</strong></span> <span class='ocrx_word' id='word_1_41' title='bbox 1539 1718 1878 1834; x_wconf 83' lang='lat' dir='ltr'><strong>aequiperaret,</strong></span> <span class='ocrx_word' id='word_1_42' title='bbox 1912 1714 2266 1833; x_wconf 83' lang='lat' dir='ltr'><strong>rectissimoque</strong></span> 
     </span>
     <span class='ocr_line' id='line_1_6' title="bbox 469 1854 2265 1979; baseline -0.005 -24"><span class='ocrx_word' id='word_1_43' title='bbox 469 1867 676 1968; x_wconf 89' lang='lat' dir='ltr'><strong>omnino,</strong></span> <span class='ocrx_word' id='word_1_44' title='bbox 707 1861 756 1949; x_wconf 91' lang='lat' dir='ltr'><strong>id</strong></span> <span class='ocrx_word' id='word_1_45' title='bbox 791 1858 921 1979; x_wconf 91' lang='lat' dir='ltr'><strong>quod</strong></span> <span class='ocrx_word' id='word_1_46' title='bbox 952 1889 1091 1948; x_wconf 91' lang='lat' dir='ltr'><strong>suum</strong></span> <span class='ocrx_word' id='word_1_47' title='bbox 1125 1854 1270 1944; x_wconf 89' lang='lat' dir='ltr'><strong>habet</strong></span> <span class='ocrx_word' id='word_1_48' title='bbox 1300 1872 1616 1963; x_wconf 85' lang='lat' dir='ltr'><strong>momentum,</strong></span> <span class='ocrx_word' id='word_1_49' title='bbox 1648 1860 1840 1950; x_wconf 87' lang='lat' dir='ltr'><strong>incessu.</strong></span> <span class='ocrx_word' id='word_1_50' title='bbox 1900 1859 1964 1947; x_wconf 88' lang='lat' dir='ltr'><strong>At</strong></span> <span class='ocrx_word' id='word_1_51' title='bbox 2002 1886 2030 1944; x_wconf 93' lang='lat' dir='ltr'><strong>a</strong></span> <span class='ocrx_word' id='word_1_52' title='bbox 2067 1872 2194 1977; x_wconf 90' lang='lat' dir='ltr'><strong>tergo</strong></span> <span class='ocrx_word' id='word_1_53' title='bbox 2225 1859 2265 1948; x_wconf 91' lang='lat' dir='ltr'><strong>si</strong></span> 
     </span>
     <span class='ocr_line' id='line_1_7' title="bbox 464 1999 2268 2120; baseline -0.003 -24"><span class='ocrx_word' id='word_1_54' title='bbox 464 2009 650 2100; x_wconf 90' lang='lat' dir='ltr'><strong>nudum</strong></span> <span class='ocrx_word' id='word_1_55' title='bbox 679 1999 1055 2120; x_wconf 84' lang='lat' dir='ltr'><strong>conspiciebatur</strong></span> <span class='ocrx_word' id='word_1_56' title='bbox 1086 2028 1271 2118; x_wconf 91' lang='lat' dir='ltr'><strong>corpus,</strong></span> <span class='ocrx_word' id='word_1_57' title='bbox 1304 2001 1537 2089; x_wconf 90' lang='lat' dir='ltr'><strong>neminem</strong></span> <span class='ocrx_word' id='word_1_58' title='bbox 1569 2001 1727 2119; x_wconf 87' lang='lat' dir='ltr'><strong>fugere</strong></span> <span class='ocrx_word' id='word_1_59' title='bbox 1763 2014 1960 2117; x_wconf 87' lang='lat' dir='ltr'><strong>poterat,</strong></span> <span class='ocrx_word' id='word_1_60' title='bbox 1994 2001 2110 2119; x_wconf 91' lang='lat' dir='ltr'><strong>quin</strong></span> <span class='ocrx_word' id='word_1_61' title='bbox 2152 2031 2268 2090; x_wconf 86' lang='lat' dir='ltr'><strong>coxa</strong></span> 
     </span>
     <span class='ocr_line' id='line_1_8' title="bbox 462 2141 2263 2264; baseline -0.002 -27"><span class='ocrx_word' id='word_1_62' title='bbox 462 2151 648 2237; x_wconf 90' lang='lat' dir='ltr'><strong>sinistra</strong></span> <span class='ocrx_word' id='word_1_63' title='bbox 688 2147 904 2234; x_wconf 92' lang='lat' dir='ltr'><strong>altiorem</strong></span> <span class='ocrx_word' id='word_1_64' title='bbox 948 2158 1122 2234; x_wconf 89' lang='lat' dir='ltr'><strong>teneret</strong></span> <span class='ocrx_word' id='word_1_65' title='bbox 1162 2145 1322 2231; x_wconf 92' lang='lat' dir='ltr'><strong>locum</strong></span> <span class='ocrx_word' id='word_1_66' title='bbox 1363 2173 1508 2261; x_wconf 90' lang='lat' dir='ltr'><strong>quam</strong></span> <span class='ocrx_word' id='word_1_67' title='bbox 1543 2141 1727 2250; x_wconf 90' lang='lat' dir='ltr'><strong>dextra,</strong></span> <span class='ocrx_word' id='word_1_68' title='bbox 1764 2145 2003 2264; x_wconf 92' lang='lat' dir='ltr'><strong>simulque</strong></span> <span class='ocrx_word' id='word_1_69' title='bbox 2040 2145 2263 2234; x_wconf 89' lang='lat' dir='ltr'><strong>columna</strong></span> 
     </span>
     <span class='ocr_line' id='line_1_9' title="bbox 461 2279 2277 2405; baseline -0.001 -27"><span class='ocrx_word' id='word_1_70' title='bbox 461 2279 789 2380; x_wconf 76' lang='lat' dir='ltr'><strong>vertebrarum</strong></span> <span class='ocrx_word' id='word_1_71' title='bbox 821 2290 868 2378; x_wconf 92' lang='lat' dir='ltr'><strong>in</strong></span> <span class='ocrx_word' id='word_1_72' title='bbox 914 2289 1100 2405; x_wconf 84' lang='lat' dir='ltr'><strong>regione</strong></span> <span class='ocrx_word' id='word_1_73' title='bbox 1129 2284 1331 2374; x_wconf 89' lang='lat' dir='ltr'><strong>lumbali</strong></span> <span class='ocrx_word' id='word_1_74' title='bbox 1368 2287 1655 2402; x_wconf 84' lang='lat' dir='ltr'><strong>peculiarem</strong></span> <span class='ocrx_word' id='word_1_75' title='bbox 1695 2316 1807 2404; x_wconf 91' lang='lat' dir='ltr'><strong>prae</strong></span> <span class='ocrx_word' id='word_1_76' title='bbox 1842 2316 1889 2376; x_wconf 93' lang='lat' dir='ltr'><strong>se</strong></span> <span class='ocrx_word' id='word_1_77' title='bbox 1932 2289 2073 2377; x_wconf 89' lang='lat' dir='ltr'><strong>ferret</strong></span> <span class='ocrx_word' id='word_1_78' title='bbox 2109 2286 2277 2393; x_wconf 59' lang='lat' dir='ltr'><strong>lordo-,.</strong></span> 
     </span>
     <span class='ocr_line' id='line_1_10' title="bbox 461 2428 2262 2552; baseline -0.001 -30"><span class='ocrx_word' id='word_1_79' title='bbox 461 2435 545 2538; x_wconf 88' lang='lat' dir='ltr'><strong>sin,</strong></span> <span class='ocrx_word' id='word_1_80' title='bbox 562 2446 911 2552; x_wconf 87' lang='lat' dir='ltr'><strong>compensatam</strong></span> <span class='ocrx_word' id='word_1_81' title='bbox 944 2433 1075 2518; x_wconf 92' lang='lat' dir='ltr'><strong>illam</strong></span> <span class='ocrx_word' id='word_1_82' title='bbox 1110 2432 1280 2518; x_wconf 89' lang='lat' dir='ltr'><strong>sensim</strong></span> <span class='ocrx_word' id='word_1_83' title='bbox 1303 2444 1587 2548; x_wconf 82' lang='lat' dir='ltr'><strong>augescente,</strong></span> <span class='ocrx_word' id='word_1_84' title='bbox 1619 2429 1725 2518; x_wconf 90' lang='lat' dir='ltr'><strong>dein</strong></span> <span class='ocrx_word' id='word_1_85' title='bbox 1748 2428 2037 2520; x_wconf 81' lang='lat' dir='ltr'><strong>decrescente</strong></span> <span class='ocrx_word' id='word_1_86' title='bbox 2067 2433 2262 2551; x_wconf 84' lang='lat' dir='ltr'><strong>cyphosi</strong></span> 
     </span>
     <span class='ocr_line' id='line_1_11' title="bbox 463 2570 2267 2695; baseline 0 -31"><span class='ocrx_word' id='word_1_87' title='bbox 463 2576 684 2695; x_wconf 91' lang='lat' dir='ltr'><strong>quadam,</strong></span> <span class='ocrx_word' id='word_1_88' title='bbox 709 2576 845 2663; x_wconf 90' lang='lat' dir='ltr'><strong>cuius</strong></span> <span class='ocrx_word' id='word_1_89' title='bbox 874 2575 921 2659; x_wconf 90' lang='lat' dir='ltr'><strong>in</strong></span> <span class='ocrx_word' id='word_1_90' title='bbox 953 2575 1139 2691; x_wconf 85' lang='lat' dir='ltr'><strong>regione</strong></span> <span class='ocrx_word' id='word_1_91' title='bbox 1172 2570 1496 2661; x_wconf 88' lang='lat' dir='ltr'><strong>vertebrarum</strong></span> <span class='ocrx_word' id='word_1_92' title='bbox 1523 2576 1723 2690; x_wconf 88' lang='lat' dir='ltr'><strong>pectoris</strong></span> <span class='ocrx_word' id='word_1_93' title='bbox 1745 2572 2011 2662; x_wconf 89' lang='lat' dir='ltr'><strong>mediarum</strong></span> <span class='ocrx_word' id='word_1_94' title='bbox 2034 2577 2267 2664; x_wconf 87' lang='lat' dir='ltr'><strong>maximus</strong></span> 
     </span>
     <span class='ocr_line' id='line_1_12' title="bbox 463 2712 2268 2834; baseline 0.001 -28"><span class='ocrx_word' id='word_1_95' title='bbox 463 2717 672 2807; x_wconf 89' lang='lat' dir='ltr'><strong>ambitus</strong></span> <span class='ocrx_word' id='word_1_96' title='bbox 702 2718 804 2804; x_wconf 90' lang='lat' dir='ltr'><strong>fuit.</strong></span> <span class='ocrx_word' id='word_1_97' title='bbox 844 2712 977 2827; x_wconf 86' lang='lat' dir='ltr'><strong>Quae</strong></span> <span class='ocrx_word' id='word_1_98' title='bbox 1008 2717 1057 2802; x_wconf 92' lang='lat' dir='ltr'><strong>in</strong></span> <span class='ocrx_word' id='word_1_99' title='bbox 1078 2717 1368 2834; x_wconf 87' lang='lat' dir='ltr'><strong>parturiente</strong></span> <span class='ocrx_word' id='word_1_100' title='bbox 1398 2717 1609 2803; x_wconf 87' lang='lat' dir='ltr'><strong>instituta</strong></span> <span class='ocrx_word' id='word_1_101' title='bbox 1640 2730 1705 2806; x_wconf 89' lang='lat' dir='ltr'><strong>est</strong></span> <span class='ocrx_word' id='word_1_102' title='bbox 1736 2719 2015 2806; x_wconf 89' lang='lat' dir='ltr'><strong>auscultatio</strong></span> <span class='ocrx_word' id='word_1_103' title='bbox 2045 2717 2134 2806; x_wconf 90' lang='lat' dir='ltr'><strong>sub</strong></span> <span class='ocrx_word' id='word_1_104' title='bbox 2167 2751 2268 2806; x_wconf 90' lang='lat' dir='ltr'><strong>um-</strong></span> 
     </span>
     <span class='ocr_line' id='line_1_13' title="bbox 459 2857 2260 2977; baseline 0.002 -29"><span class='ocrx_word' id='word_1_105' title='bbox 459 2857 608 2950; x_wconf 85' lang='lat' dir='ltr'><strong>bilico</strong></span> <span class='ocrx_word' id='word_1_106' title='bbox 638 2859 932 2947; x_wconf 87' lang='lat' dir='ltr'><strong>dextrorsum</strong></span> <span class='ocrx_word' id='word_1_107' title='bbox 964 2861 1084 2947; x_wconf 90' lang='lat' dir='ltr'><strong>ictus</strong></span> <span class='ocrx_word' id='word_1_108' title='bbox 1121 2859 1275 2948; x_wconf 90' lang='lat' dir='ltr'><strong>cordis</strong></span> <span class='ocrx_word' id='word_1_109' title='bbox 1304 2860 1453 2947; x_wconf 85' lang='lat' dir='ltr'><strong>letalis</strong></span> <span class='ocrx_word' id='word_1_110' title='bbox 1485 2858 1739 2948; x_wconf 82' lang='lat' dir='ltr'><strong>declaravit</strong></span> <span class='ocrx_word' id='word_1_111' title='bbox 1770 2863 2060 2977; x_wconf 72' lang='lat' dir='ltr'><strong>planissime,</strong></span> <span class='ocrx_word' id='word_1_112' title='bbox 2099 2877 2260 2952; x_wconf 88' lang='lat' dir='ltr'><strong>uterus</strong></span> 
     </span>
     <span class='ocr_line' id='line_1_14' title="bbox 461 3002 2260 3122; baseline 0.003 -33"><span class='ocrx_word' id='word_1_113' title='bbox 461 3004 553 3090; x_wconf 84' lang='lat' dir='ltr'><strong>fuit</strong></span> <span class='ocrx_word' id='word_1_114' title='bbox 591 3006 700 3092; x_wconf 91' lang='lat' dir='ltr'><strong>satis</strong></span> <span class='ocrx_word' id='word_1_115' title='bbox 736 3017 915 3094; x_wconf 87' lang='lat' dir='ltr'><strong>extenta</strong></span> <span class='ocrx_word' id='word_1_116' title='bbox 957 3005 1110 3090; x_wconf 87' lang='lat' dir='ltr'><strong>forma</strong></span> <span class='ocrx_word' id='word_1_117' title='bbox 1148 3005 1196 3089; x_wconf 92' lang='lat' dir='ltr'><strong>in</strong></span> <span class='ocrx_word' id='word_1_118' title='bbox 1236 3033 1443 3120; x_wconf 91' lang='lat' dir='ltr'><strong>eumque</strong></span> <span class='ocrx_word' id='word_1_119' title='bbox 1482 3002 1631 3092; x_wconf 82' lang='lat' dir='ltr'><strong>lactus</strong></span> <span class='ocrx_word' id='word_1_120' title='bbox 1667 3006 1921 3122; x_wconf 88' lang='lat' dir='ltr'><strong>impressus</strong></span> <span class='ocrx_word' id='word_1_121' title='bbox 1959 3005 2260 3094; x_wconf 82' lang='lat' dir='ltr'><strong>manifestum</strong></span> 
     </span>
     <span class='ocr_line' id='line_1_15' title="bbox 461 3143 2264 3265; baseline 0.001 -30"><span class='ocrx_word' id='word_1_122' title='bbox 461 3147 744 3264; x_wconf 89' lang='lat' dir='ltr'><strong>parturienti</strong></span> <span class='ocrx_word' id='word_1_123' title='bbox 775 3145 986 3234; x_wconf 92' lang='lat' dir='ltr'><strong>dolorem</strong></span> <span class='ocrx_word' id='word_1_124' title='bbox 1015 3148 1242 3234; x_wconf 85' lang='lat' dir='ltr'><strong>excitavit.</strong></span> <span class='ocrx_word' id='word_1_125' title='bbox 1289 3143 1417 3233; x_wconf 92' lang='lat' dir='ltr'><strong>Huic</strong></span> <span class='ocrx_word' id='word_1_126' title='bbox 1448 3176 1608 3234; x_wconf 86' lang='lat' dir='ltr'><strong>rerum</strong></span> <span class='ocrx_word' id='word_1_127' title='bbox 1638 3146 1902 3236; x_wconf 90' lang='lat' dir='ltr'><strong>condicioni</strong></span> <span class='ocrx_word' id='word_1_128' title='bbox 1935 3149 2123 3236; x_wconf 88' lang='lat' dir='ltr'><strong>accessit</strong></span> <span class='ocrx_word' id='word_1_129' title='bbox 2160 3177 2264 3265; x_wconf 89' lang='lat' dir='ltr'><strong>par-</strong></span> 
     </span>
     <span class='ocr_line' id='line_1_16' title="bbox 462 3287 2267 3408; baseline 0.002 -31"><span class='ocrx_word' id='word_1_130' title='bbox 462 3291 680 3379; x_wconf 89' lang='lat' dir='ltr'><strong>turientis</strong></span> <span class='ocrx_word' id='word_1_131' title='bbox 712 3291 875 3407; x_wconf 93' lang='lat' dir='ltr'><strong>pulsus</strong></span> <span class='ocrx_word' id='word_1_132' title='bbox 906 3290 1136 3408; x_wconf 81' lang='lat' dir='ltr'><strong>frequens,</strong></span> <span class='ocrx_word' id='word_1_133' title='bbox 1167 3291 1327 3406; x_wconf 88' lang='lat' dir='ltr'><strong>lingua</strong></span> <span class='ocrx_word' id='word_1_134' title='bbox 1351 3317 1493 3376; x_wconf 92' lang='lat' dir='ltr'><strong>muco</strong></span> <span class='ocrx_word' id='word_1_135' title='bbox 1511 3287 1693 3378; x_wconf 86' lang='lat' dir='ltr'><strong>obtecta</strong></span> <span class='ocrx_word' id='word_1_136' title='bbox 1725 3305 1769 3378; x_wconf 90' lang='lat' dir='ltr'><strong>et</strong></span> <span class='ocrx_word' id='word_1_137' title='bbox 1789 3290 2028 3378; x_wconf 89' lang='lat' dir='ltr'><strong>interdum</strong></span> <span class='ocrx_word' id='word_1_138' title='bbox 2057 3290 2267 3380; x_wconf 89' lang='lat' dir='ltr'><strong>incidens</strong></span> 
     </span>
     <span class='ocr_line' id='line_1_17' title="bbox 465 3429 2265 3551; baseline 0.003 -35"><span class='ocrx_word' id='word_1_139' title='bbox 465 3433 671 3520; x_wconf 87' lang='lat' dir='ltr'><strong>vomitus</strong></span> <span class='ocrx_word' id='word_1_140' title='bbox 700 3432 903 3550; x_wconf 89' lang='lat' dir='ltr'><strong>liquoris</strong></span> <span class='ocrx_word' id='word_1_141' title='bbox 941 3430 1183 3519; x_wconf 90' lang='lat' dir='ltr'><strong>cuiusdam</strong></span> <span class='ocrx_word' id='word_1_142' title='bbox 1226 3429 1496 3521; x_wconf 86' lang='lat' dir='ltr'><strong>subviridis.</strong></span> <span class='ocrx_word' id='word_1_143' title='bbox 1538 3491 1595 3504; x_wconf 45' lang='grc' dir='ltr'><strong>ι-</strong></span> <span class='ocrx_word' id='word_1_144' title='bbox 1634 3430 1688 3522; x_wconf 91' lang='lat' dir='ltr'><strong>In</strong></span> <span class='ocrx_word' id='word_1_145' title='bbox 1730 3434 2046 3551; x_wconf 86' lang='lat' dir='ltr'><strong>exploratione</strong></span> <span class='ocrx_word' id='word_1_146' title='bbox 2081 3435 2265 3524; x_wconf 90' lang='lat' dir='ltr'><strong>iuterna</strong></span> 
     </span>
     <span class='ocr_line' id='line_1_18' title="bbox 465 3574 2267 3695; baseline 0.002 -33"><span class='ocrx_word' id='word_1_147' title='bbox 465 3576 706 3692; x_wconf 90' lang='lat' dir='ltr'><strong>cognitum</strong></span> <span class='ocrx_word' id='word_1_148' title='bbox 749 3589 813 3664; x_wconf 87' lang='lat' dir='ltr'><strong>est</strong></span> <span class='ocrx_word' id='word_1_149' title='bbox 852 3603 902 3662; x_wconf 93' lang='lat' dir='ltr'><strong>os</strong></span> <span class='ocrx_word' id='word_1_150' title='bbox 945 3574 1152 3693; x_wconf 85' lang='lat' dir='ltr'><strong>coccygis</strong></span> <span class='ocrx_word' id='word_1_151' title='bbox 1196 3576 1432 3692; x_wconf 89' lang='lat' dir='ltr'><strong>pertinens</strong></span> <span class='ocrx_word' id='word_1_152' title='bbox 1475 3592 1543 3666; x_wconf 89' lang='lat' dir='ltr'><strong>sat</strong></span> <span class='ocrx_word' id='word_1_153' title='bbox 1582 3578 1716 3695; x_wconf 91' lang='lat' dir='ltr'><strong>louge</strong></span> <span class='ocrx_word' id='word_1_154' title='bbox 1759 3592 1941 3694; x_wconf 90' lang='lat' dir='ltr'><strong>partem</strong></span> <span class='ocrx_word' id='word_1_155' title='bbox 1981 3578 2267 3666; x_wconf 89' lang='lat' dir='ltr'><strong>anteriorem</strong></span> 
     </span>
     <span class='ocr_line' id='line_1_19' title="bbox 465 3716 2263 3837; baseline 0.005 -36"><span class='ocrx_word' id='word_1_156' title='bbox 465 3746 648 3826; x_wconf 84' lang='lat' dir='ltr'><strong>versus;</strong></span> <span class='ocrx_word' id='word_1_157' title='bbox 688 3718 823 3808; x_wconf 92' lang='lat' dir='ltr'><strong>cuius</strong></span> <span class='ocrx_word' id='word_1_158' title='bbox 861 3716 1055 3835; x_wconf 90' lang='lat' dir='ltr'><strong>quidem</strong></span> <span class='ocrx_word' id='word_1_159' title='bbox 1088 3717 1156 3805; x_wconf 91' lang='lat' dir='ltr'><strong>rei</strong></span> <span class='ocrx_word' id='word_1_160' title='bbox 1188 3745 1346 3807; x_wconf 91' lang='lat' dir='ltr'><strong>caussa</strong></span> <span class='ocrx_word' id='word_1_161' title='bbox 1379 3721 1531 3837; x_wconf 91' lang='lat' dir='ltr'><strong>posita</strong></span> <span class='ocrx_word' id='word_1_162' title='bbox 1563 3721 1660 3808; x_wconf 85' lang='lat' dir='ltr'><strong>visa</strong></span> <span class='ocrx_word' id='word_1_163' title='bbox 1694 3732 1762 3808; x_wconf 91' lang='lat' dir='ltr'><strong>est</strong></span> <span class='ocrx_word' id='word_1_164' title='bbox 1795 3720 1842 3806; x_wconf 91' lang='lat' dir='ltr'><strong>in</strong></span> <span class='ocrx_word' id='word_1_165' title='bbox 1888 3720 2119 3837; x_wconf 89' lang='lat' dir='ltr'><strong>ampliore</strong></span> <span class='ocrx_word' id='word_1_166' title='bbox 2150 3721 2263 3810; x_wconf 86' lang='lat' dir='ltr'><strong>ossis</strong></span> 
     </span>
     <span class='ocr_line' id='line_1_20' title="bbox 463 3860 2266 3980; baseline 0.002 -33"><span class='ocrx_word' id='word_1_167' title='bbox 463 3861 583 3947; x_wconf 91' lang='lat' dir='ltr'><strong>sacri</strong></span> <span class='ocrx_word' id='word_1_168' title='bbox 617 3861 833 3980; x_wconf 83' lang='lat' dir='ltr'><strong>cyphosi3</strong></span> <span class='ocrx_word' id='word_1_169' title='bbox 874 3860 1054 3978; x_wconf 88' lang='lat' dir='ltr'><strong>alioqui</strong></span> <span class='ocrx_word' id='word_1_170' title='bbox 1082 3873 1178 3946; x_wconf 91' lang='lat' dir='ltr'><strong>tota</strong></span> <span class='ocrx_word' id='word_1_171' title='bbox 1218 3889 1326 3976; x_wconf 91' lang='lat' dir='ltr'><strong>pars</strong></span> <span class='ocrx_word' id='word_1_172' title='bbox 1367 3861 1563 3949; x_wconf 83' lang='lat' dir='ltr'><strong>inferior</strong></span> <span class='ocrx_word' id='word_1_173' title='bbox 1604 3862 1777 3950; x_wconf 89' lang='lat' dir='ltr'><strong>canalis</strong></span> <span class='ocrx_word' id='word_1_174' title='bbox 1812 3861 1960 3978; x_wconf 83' lang='lat' dir='ltr'><strong>pelvis</strong></span> <span class='ocrx_word' id='word_1_175' title='bbox 1993 3863 2171 3980; x_wconf 87' lang='lat' dir='ltr'><strong>ampla;</strong></span> <span class='ocrx_word' id='word_1_176' title='bbox 2218 3877 2266 3950; x_wconf 87' lang='lat' dir='ltr'><strong>at</strong></span> 
     </span>
     <span class='ocr_line' id='line_1_21' title="bbox 461 4002 2264 4124; baseline 0.001 -34"><span class='ocrx_word' id='word_1_177' title='bbox 461 4005 731 4092; x_wconf 87' lang='lat' dir='ltr'><strong>imminenti</strong></span> <span class='ocrx_word' id='word_1_178' title='bbox 763 4006 926 4124; x_wconf 91' lang='lat' dir='ltr'><strong>aliquo</strong></span> <span class='ocrx_word' id='word_1_179' title='bbox 958 4032 1155 4122; x_wconf 88' lang='lat' dir='ltr'><strong>corpore</strong></span> <span class='ocrx_word' id='word_1_180' title='bbox 1185 4002 1348 4108; x_wconf 93' lang='lat' dir='ltr'><strong>solido,</strong></span> <span class='ocrx_word' id='word_1_181' title='bbox 1379 4002 1511 4122; x_wconf 90' lang='lat' dir='ltr'><strong>quod</strong></span> <span class='ocrx_word' id='word_1_182' title='bbox 1536 4005 1916 4121; x_wconf 89' lang='lat' dir='ltr'><strong>promontorium</strong></span> <span class='ocrx_word' id='word_1_183' title='bbox 1952 4034 2046 4093; x_wconf 87' lang='lat' dir='ltr'><strong>esse</strong></span> <span class='ocrx_word' id='word_1_184' title='bbox 2069 4004 2264 4123; x_wconf 89' lang='lat' dir='ltr'><strong>putaba-</strong></span> 
     </span>
     <span class='ocr_line' id='line_1_22' title="bbox 461 4145 2266 4267; baseline 0.001 -33"><span class='ocrx_word' id='word_1_185' title='bbox 461 4161 553 4252; x_wconf 89' lang='lat' dir='ltr'><strong>tur,</strong></span> <span class='ocrx_word' id='word_1_186' title='bbox 587 4145 722 4236; x_wconf 84' lang='lat' dir='ltr'><strong>valde</strong></span> <span class='ocrx_word' id='word_1_187' title='bbox 748 4161 980 4236; x_wconf 89' lang='lat' dir='ltr'><strong>coarctata</strong></span> <span class='ocrx_word' id='word_1_188' title='bbox 1016 4149 1107 4234; x_wconf 90' lang='lat' dir='ltr'><strong>fuit</strong></span> <span class='ocrx_word' id='word_1_189' title='bbox 1144 4177 1252 4264; x_wconf 90' lang='lat' dir='ltr'><strong>pars</strong></span> <span class='ocrx_word' id='word_1_190' title='bbox 1282 4149 1499 4265; x_wconf 91' lang='lat' dir='ltr'><strong>superior</strong></span> <span class='ocrx_word' id='word_1_191' title='bbox 1527 4149 1675 4267; x_wconf 87' lang='lat' dir='ltr'><strong>pelvis</strong></span> <span class='ocrx_word' id='word_1_192' title='bbox 1712 4150 1921 4254; x_wconf 89' lang='lat' dir='ltr'><strong>minoris,</strong></span> <span class='ocrx_word' id='word_1_193' title='bbox 1951 4149 1999 4235; x_wconf 90' lang='lat' dir='ltr'><strong>in</strong></span> <span class='ocrx_word' id='word_1_194' title='bbox 2032 4179 2128 4267; x_wconf 90' lang='lat' dir='ltr'><strong>qua</strong></span> <span class='ocrx_word' id='word_1_195' title='bbox 2158 4150 2266 4236; x_wconf 91' lang='lat' dir='ltr'><strong>sini·</strong></span> 
     </span>
     <span class='ocr_line' id='line_1_23' title="bbox 462 4287 2266 4409; baseline -0.003 -29"><span class='ocrx_word' id='word_1_196' title='bbox 462 4304 668 4380; x_wconf 90' lang='lat' dir='ltr'><strong>storsum</strong></span> <span class='ocrx_word' id='word_1_197' title='bbox 697 4291 835 4408; x_wconf 89' lang='lat' dir='ltr'><strong>plane</strong></span> <span class='ocrx_word' id='word_1_198' title='bbox 865 4291 999 4396; x_wconf 91' lang='lat' dir='ltr'><strong>nihil,</strong></span> <span class='ocrx_word' id='word_1_199' title='bbox 1031 4288 1327 4378; x_wconf 87' lang='lat' dir='ltr'><strong>dextrorsum</strong></span> <span class='ocrx_word' id='word_1_200' title='bbox 1349 4319 1461 4378; x_wconf 85' lang='lat' dir='ltr'><strong>vero</strong></span> <span class='ocrx_word' id='word_1_201' title='bbox 1491 4320 1576 4406; x_wconf 90' lang='lat' dir='ltr'><strong>per</strong></span> <span class='ocrx_word' id='word_1_202' title='bbox 1603 4287 1841 4378; x_wconf 90' lang='lat' dir='ltr'><strong>orificium</strong></span> <span class='ocrx_word' id='word_1_203' title='bbox 1865 4292 1999 4395; x_wconf 91' lang='lat' dir='ltr'><strong>uteri,</strong></span> <span class='ocrx_word' id='word_1_204' title='bbox 2021 4289 2150 4409; x_wconf 92' lang='lat' dir='ltr'><strong>quod</strong></span> <span class='ocrx_word' id='word_1_205' title='bbox 2182 4291 2266 4378; x_wconf 81' lang='lat' dir='ltr'><strong>dit-</strong></span> 
     </span>
     <span class='ocr_line' id='line_1_24' title="bbox 465 4430 2264 4554; baseline 0.001 -33"><span class='ocrx_word' id='word_1_206' title='bbox 465 4431 682 4523; x_wconf 90' lang='lat' dir='ltr'><strong>ficillimo</strong></span> <span class='ocrx_word' id='word_1_207' title='bbox 714 4433 907 4554; x_wconf 91' lang='lat' dir='ltr'><strong>quidem</strong></span> <span class='ocrx_word' id='word_1_208' title='bbox 935 4432 1079 4536; x_wconf 85' lang='lat' dir='ltr'><strong>aditu,</strong></span> <span class='ocrx_word' id='word_1_209' title='bbox 1111 4462 1300 4522; x_wconf 90' lang='lat' dir='ltr'><strong>summo</strong></span> <span class='ocrx_word' id='word_1_210' title='bbox 1331 4447 1485 4520; x_wconf 84' lang='lat' dir='ltr'><strong>tamen</strong></span> <span class='ocrx_word' id='word_1_211' title='bbox 1516 4430 1662 4550; x_wconf 89' lang='lat' dir='ltr'><strong>digito</strong></span> <span class='ocrx_word' id='word_1_212' title='bbox 1684 4435 1898 4550; x_wconf 91' lang='lat' dir='ltr'><strong>pervium</strong></span> <span class='ocrx_word' id='word_1_213' title='bbox 1934 4436 2034 4541; x_wconf 88' lang='lat' dir='ltr'><strong>fuit,</strong></span> <span class='ocrx_word' id='word_1_214' title='bbox 2060 4464 2264 4552; x_wconf 82' lang='lat' dir='ltr'><strong>parvum</strong></span> 
     </span>
     <span class='ocr_line' id='line_1_25' title="bbox 463 4571 2267 4695; baseline 0.001 -33"><span class='ocrx_word' id='word_1_215' title='bbox 463 4592 755 4694; x_wconf 91' lang='lat' dir='ltr'><strong>segmentum</strong></span> <span class='ocrx_word' id='word_1_216' title='bbox 795 4577 958 4695; x_wconf 91' lang='lat' dir='ltr'><strong>capitis</strong></span> <span class='ocrx_word' id='word_1_217' title='bbox 989 4577 1137 4666; x_wconf 89' lang='lat' dir='ltr'><strong>fetalis</strong></span> <span class='ocrx_word' id='word_1_218' title='bbox 1177 4590 1359 4695; x_wconf 89' lang='lat' dir='ltr'><strong>poterat</strong></span> <span class='ocrx_word' id='word_1_219' title='bbox 1400 4575 1680 4694; x_wconf 89' lang='lat' dir='ltr'><strong>persentisci.</strong></span> <span class='ocrx_word' id='word_1_220' title='bbox 1750 4571 1876 4663; x_wconf 91' lang='lat' dir='ltr'><strong>Talis</strong></span> <span class='ocrx_word' id='word_1_221' title='bbox 1916 4607 2076 4665; x_wconf 90' lang='lat' dir='ltr'><strong>rerum</strong></span> <span class='ocrx_word' id='word_1_222' title='bbox 2120 4591 2267 4665; x_wconf 90' lang='lat' dir='ltr'><strong>status</strong></span> 
     </span>
     <span class='ocr_line' id='line_1_26' title="bbox 462 4713 2265 4839; baseline -0.001 -31"><span class='ocrx_word' id='word_1_223' title='bbox 462 4713 673 4839; x_wconf 86' lang='lat' dir='ltr'><strong>flagitare</strong></span> <span class='ocrx_word' id='word_1_224' title='bbox 701 4721 830 4812; x_wconf 79' lang='lat' dir='ltr'><strong>visus</strong></span> <span class='ocrx_word' id='word_1_225' title='bbox 861 4735 943 4825; x_wconf 88' lang='lat' dir='ltr'><strong>est,</strong></span> <span class='ocrx_word' id='word_1_226' title='bbox 986 4735 1040 4807; x_wconf 94' lang='lat' dir='ltr'><strong>ut</strong></span> <span class='ocrx_word' id='word_1_227' title='bbox 1069 4733 1287 4808; x_wconf 90' lang='lat' dir='ltr'><strong>accurata</strong></span> <span class='ocrx_word' id='word_1_228' title='bbox 1326 4717 1473 4835; x_wconf 78' lang='lat' dir='ltr'><strong>pelvis</strong></span> <span class='ocrx_word' id='word_1_229' title='bbox 1507 4717 1684 4806; x_wconf 90' lang='lat' dir='ltr'><strong>mensio</strong></span> <span class='ocrx_word' id='word_1_230' title='bbox 1720 4719 2053 4808; x_wconf 89' lang='lat' dir='ltr'><strong>institueretur.</strong></span> <span class='ocrx_word' id='word_1_231' title='bbox 2098 4715 2265 4838; x_wconf 89' lang='lat' dir='ltr'><strong>Itaque</strong></span> 
     </span>
     <span class='ocr_line' id='line_1_27' title="bbox 463 4859 2269 4980; baseline -0.001 -30"><span class='ocrx_word' id='word_1_232' title='bbox 463 4864 678 4980; x_wconf 86' lang='lat' dir='ltr'><strong>primum</strong></span> <span class='ocrx_word' id='word_1_233' title='bbox 712 4865 761 4951; x_wconf 91' lang='lat' dir='ltr'><strong>in</strong></span> <span class='ocrx_word' id='word_1_234' title='bbox 786 4893 926 4952; x_wconf 93' lang='lat' dir='ltr'><strong>usum</strong></span> <span class='ocrx_word' id='word_1_235' title='bbox 950 4878 1170 4951; x_wconf 87' lang='lat' dir='ltr'><strong>vocatum</strong></span> <span class='ocrx_word' id='word_1_236' title='bbox 1204 4877 1270 4952; x_wconf 88' lang='lat' dir='ltr'><strong>est</strong></span> <span class='ocrx_word' id='word_1_237' title='bbox 1292 4859 1411 4950; x_wconf 91' lang='lat' dir='ltr'><strong>illud</strong></span> <span class='ocrx_word' id='word_1_238' title='bbox 1442 4862 1823 4968; x_wconf 88' lang='lat' dir='ltr'><strong>instrumentum,</strong></span> <span class='ocrx_word' id='word_1_239' title='bbox 1857 4864 1934 4950; x_wconf 88' lang='lat' dir='ltr'><strong>cui</strong></span> <span class='ocrx_word' id='word_1_240' title='bbox 1961 4860 2269 4950; x_wconf 92' lang='lat' dir='ltr'><strong>Baudeloc·</strong></span> 
     </span>
     <span class='ocr_line' id='line_1_28' title="bbox 464 4997 2263 5124; baseline 0 -34"><span class='ocrx_word' id='word_1_241' title='bbox 464 5032 645 5122; x_wconf 90' lang='lat' dir='ltr'><strong>queus</strong></span> <span class='ocrx_word' id='word_1_242' title='bbox 680 5004 897 5091; x_wconf 78' lang='lat' dir='ltr'><strong>inventor</strong></span> <span class='ocrx_word' id='word_1_243' title='bbox 930 5033 1100 5092; x_wconf 92' lang='lat' dir='ltr'><strong>nomen</strong></span> <span class='ocrx_word' id='word_1_244' title='bbox 1139 5002 1268 5093; x_wconf 89' lang='lat' dir='ltr'><strong>dedit</strong></span> <span class='ocrx_word' id='word_1_245' title='bbox 1298 4997 1516 5120; x_wconf 88' lang='lat' dir='ltr'><strong>‘Compas</strong></span> <span class='ocrx_word' id='word_1_246' title='bbox 1545 4997 1860 5124; x_wconf 86' lang='lat' dir='ltr'><strong>d&#39;e&#39;paisseur’:</strong></span> <span class='ocrx_word' id='word_1_247' title='bbox 1906 5002 2037 5124; x_wconf 94' lang='lat' dir='ltr'><strong>quod</strong></span> <span class='ocrx_word' id='word_1_248' title='bbox 2066 5002 2263 5123; x_wconf 91' lang='lat' dir='ltr'><strong>quidem</strong></span> 
     </span>
     <span class='ocr_line' id='line_1_29' title="bbox 469 5142 2264 5265; baseline 0.002 -35"><span class='ocrx_word' id='word_1_249' title='bbox 469 5145 648 5235; x_wconf 92' lang='lat' dir='ltr'><strong>indicio</strong></span> <span class='ocrx_word' id='word_1_250' title='bbox 680 5143 788 5250; x_wconf 86' lang='lat' dir='ltr'><strong>fuit,</strong></span> <span class='ocrx_word' id='word_1_251' title='bbox 821 5145 1116 5263; x_wconf 91' lang='lat' dir='ltr'><strong>coniugatam</strong></span> <span class='ocrx_word' id='word_1_252' title='bbox 1156 5150 1391 5236; x_wconf 89' lang='lat' dir='ltr'><strong>internam</strong></span> <span class='ocrx_word' id='word_1_253' title='bbox 1420 5142 1522 5243; x_wconf 58' lang='lat' dir='ltr'><strong>8¹!st</strong></span> <span class='ocrx_word' id='word_1_254' title='bbox 1558 5177 1651 5237; x_wconf 90' lang='lat' dir='ltr'><strong>esse</strong></span> <span class='ocrx_word' id='word_1_255' title='bbox 1682 5146 2001 5238; x_wconf 88' lang='lat' dir='ltr'><strong>statuendam:</strong></span> <span class='ocrx_word' id='word_1_256' title='bbox 2048 5176 2170 5265; x_wconf 91' lang='lat' dir='ltr'><strong>quae</strong></span> <span class='ocrx_word' id='word_1_257' title='bbox 2199 5160 2264 5234; x_wconf 91' lang='lat' dir='ltr'><strong>ta-</strong></span> 
     </span>
    </p>
   </div>
   <div class='ocr_carea' id='block_1_2' title="bbox 590 5403 2269 5704">
    <p class='ocr_par' dir='ltr' id='par_1_2' title="bbox 590 5403 2269 5704">
     <span class='ocr_line' id='line_1_30' title="bbox 591 5403 2268 5488; baseline 0.002 -23"><span class='ocrx_word' id='word_1_258' title='bbox 591 5403 623 5465; x_wconf 89' lang='lat' dir='ltr'><strong>in</strong></span> <span class='ocrx_word' id='word_1_259' title='bbox 657 5407 945 5470; x_wconf 82' lang='lat' dir='ltr'><strong>commentationum</strong></span> <span class='ocrx_word' id='word_1_260' title='bbox 976 5405 1093 5468; x_wconf 91' lang='lat' dir='ltr'><strong>illarum</strong></span> <span class='ocrx_word' id='word_1_261' title='bbox 1125 5407 1208 5468; x_wconf 89' lang='lat' dir='ltr'><strong>serie</strong></span> <span class='ocrx_word' id='word_1_262' title='bbox 1241 5425 1319 5488; x_wconf 88' lang='lat' dir='ltr'><strong>quae</strong></span> <span class='ocrx_word' id='word_1_263' title='bbox 1348 5407 1541 5469; x_wconf 80' lang='lat' dir='ltr'><strong>inscribitur:</strong></span> <span class='ocrx_word' id='word_1_264' title='bbox 1577 5407 1704 5468; x_wconf 86' lang='lat' dir='ltr'><strong>Wiener</strong></span> <span class='ocrx_word' id='word_1_265' title='bbox 1725 5406 1997 5484; x_wconf 84' lang='lat' dir='ltr'><strong>Woclensoluiit,</strong></span> <span class='ocrx_word' id='word_1_266' title='bbox 2024 5405 2125 5485; x_wconf 82' lang='lat'><strong>1853,</strong></span> <span class='ocrx_word' id='word_1_267' title='bbox 2160 5407 2212 5470; x_wconf 88' lang='lat' dir='ltr'><strong>Nr.</strong></span> <span class='ocrx_word' id='word_1_268' title='bbox 2237 5407 2268 5469; x_wconf 79' lang='grc'><strong>3.</strong></span> 
     </span>
     <span class='ocr_line' id='line_1_31' title="bbox 590 5509 2269 5593; baseline 0.002 -19"><span class='ocrx_word' id='word_1_269' title='bbox 590 5509 767 5592; x_wconf 81' lang='lat' dir='ltr'><strong>p.37sqq.:</strong></span> <span class='ocrx_word' id='word_1_270' title='bbox 799 5513 852 5576; x_wconf 87' lang='lat' dir='ltr'><strong>ubi</strong></span> <span class='ocrx_word' id='word_1_271' title='bbox 880 5516 951 5575; x_wconf 89' lang='lat' dir='ltr'><strong>item</strong></span> <span class='ocrx_word' id='word_1_272' title='bbox 982 5512 1079 5592; x_wconf 86' lang='lat' dir='ltr'><strong>pelvis</strong></span> <span class='ocrx_word' id='word_1_273' title='bbox 1111 5513 1200 5576; x_wconf 85' lang='lat' dir='ltr'><strong>huius</strong></span> <span class='ocrx_word' id='word_1_274' title='bbox 1236 5513 1341 5593; x_wconf 82' lang='lat' dir='ltr'><strong>paucis</strong></span> <span class='ocrx_word' id='word_1_275' title='bbox 1372 5513 1568 5578; x_wconf 86' lang='lat' dir='ltr'><strong>lineamentis</strong></span> <span class='ocrx_word' id='word_1_276' title='bbox 1588 5513 1785 5578; x_wconf 83' lang='lat' dir='ltr'><strong>adumbratae</strong></span> <span class='ocrx_word' id='word_1_277' title='bbox 1808 5517 2002 5578; x_wconf 87' lang='lat' dir='ltr'><strong>inveniuntur</strong></span> <span class='ocrx_word' id='word_1_278' title='bbox 2033 5515 2112 5578; x_wconf 87' lang='lat' dir='ltr'><strong>duae</strong></span> <span class='ocrx_word' id='word_1_279' title='bbox 2148 5515 2269 5578; x_wconf 87' lang='lat' dir='ltr'><strong>tabulae</strong></span> 
     </span>
     <span class='ocr_line' id='line_1_32' title="bbox 593 5620 1210 5704; baseline 0.01 -22"><span class='ocrx_word' id='word_1_280' title='bbox 593 5620 639 5682; x_wconf 88' lang='lat' dir='ltr'><strong>rai</strong></span> <span class='ocrx_word' id='word_1_281' title='bbox 664 5622 843 5704; x_wconf 78' lang='lat' dir='ltr'><strong>gravitatem</strong></span> <span class='ocrx_word' id='word_1_282' title='bbox 865 5641 969 5704; x_wconf 86' lang='lat' dir='ltr'><strong>parum</strong></span> <span class='ocrx_word' id='word_1_283' title='bbox 995 5631 1210 5704; x_wconf 78' lang='lat' dir='ltr'><strong>exaequantes.</strong></span> 
     </span>
    </p>
   </div>
   <div class='ocr_carea' id='block_1_3' title="bbox 1947 5741 1970 5808">
    <p class='ocr_par' dir='ltr' id='par_1_3' title="bbox 1947 5741 1970 5808">
     <span class='ocr_line' id='line_1_33' title="bbox 1947 5741 1970 5808; baseline 0 0"><span class='ocrx_word' id='word_1_284' title='bbox 1947 5741 1970 5808; x_wconf 71' lang='lat'><strong>2</strong></span> 
     </span>
    </p>
   </div>
   <div class='ocr_carea' id='block_1_4' title="bbox 0 0 2820 7108">
    <p class='ocr_par' dir='ltr' id='par_1_4' title="bbox 0 0 2820 7108">
     <span class='ocr_line' id='line_1_34' title="bbox 0 0 2820 7108; baseline 0 0"><span class='ocrx_word' id='word_1_285' title='bbox 0 0 2820 7108; x_wconf 95' lang='lat' dir='ltr'><strong> </strong></span> 
     </span>
    </p>
   </div>
  </div>
 </body>
</html>
