5632 7112
495 1217 790 1337 comparatio
819 1232 981 1314 nostra
1011 1233 1137 1318 recte
1166 1217 1403 1340 proficisci
1437 1219 1583 1340 possit
1610 1216 1977 1316 fundamentum
2010 1220 2301 1332 subiiciatur,

493 1363 644 1482 petris
682 1375 809 1454 recte
841 1387 891 1454 se
922 1359 1140 1457 habentis
1169 1363 1424 1484 imaginem
1454 1363 1572 1456 huic
1608 1361 1994 1456 commentationi
2032 1365 2153 1456 infra
2189 1365 2303 1456 adii-

493 1537 598 1597 cere
632 1505 766 1596 baud
798 1506 1013 1626 ineptum
1044 1504 1171 1594 duxi.

612 1646 668 1738 In
700 1649 794 1739 hac
820 1679 1014 1770 quoque
1040 1649 1167 1767 pelvi
1185 1646 1561 1739 Paderhornensi
1589 1651 1714 1738 inter
1733 1650 1952 1769 quintam
1983 1664 2301 1771 quartamque

495 1792 761 1884 vertebram
778 1789 1039 1880 lumbalem
1058 1789 1293 1908 reperitur
1314 1788 1590 1882 dilatatio
1619 1793 1792 1882 carnalis
1817 1789 2106 1890 vertebratis:
2137 1807 2302 1912 utpote

496 1937 581 2056 qui
613 1964 668 2023 eo
701 1936 805 2052 ipso
837 1932 962 2036 loco,
994 1958 1115 2052 que,
1146 1933 1185 2022 si
1216 1932 1365 2050 pelvis
1401 1934 1573 2020 siccata
1611 1947 1698 2040 est,
1729 1933 1844 2022 solet
1875 1961 1969 2022 esse
1999 1924 2062 2019 tm
2087 1934 2301 2045 latitudo,

491 2080 574 2168 bic
608 2088 821 2166 versetur
856 2075 980 2168 inter
1013 2075 1078 2164 9⁴¹³
1110 2090 1155 2167 et
1187 2074 1280 2168 10’“
1317 2075 1705 2193 magnitudinem.
1770 2072 1939 2166 Statim
1980 2091 2137 2169 autem
2178 2079 2301 2168 infra

448 2325 450 2330 .
494 2233 540 2310 et
586 2216 865 2310 exadversus
905 2247 1151 2311 summum
1196 2221 1354 2338 ipsum
1397 2219 1556 2310 locum
1592 2217 1831 2312 vertebrae
1871 2220 2061 2310 sacratis
2103 2220 2299 2338 primae,

493 2360 668 2454 canatis
698 2361 846 2454 nostri
876 2362 1145 2481 speciminis
1175 2377 1242 2454 est
1272 2362 1336 2470 2¹⁴,
1370 2392 1481 2452 cum
1512 2364 1562 2454 in
1593 2362 1719 2481 pelvi
1751 2362 1955 2480 regulari
1987 2363 2159 2454 habeat
2189 2365 2301 2456 inde

490 2533 522 2596 a
556 2507 817 2625 posteriore
844 2504 906 2598 ad
941 2506 1226 2596 anteriorem
1256 2520 1439 2622 partem
1481 2503 1744 2596 diametron
1780 2505 1856 2596 tm.
1915 2503 1976 2596 Et
2014 2507 2160 2598 huius
2197 2510 2300 2629 qui·

491 2647 603 2744 dem
642 2650 969 2740 coarctationis
1002 2663 1124 2739 totus
1165 2648 1338 2738 canalis
1361 2651 1552 2740 sacratis
1581 2650 1873 2768 apertissime
1901 2649 2136 2769 particeps
2170 2667 2248 2741 est.

613 2789 672 2882 In
698 2794 790 2881 hac
814 2806 974 2884 autem
996 2821 1143 2913 quam
1173 2790 1318 2882 modo
1345 2791 1739 2884 adumbravimus
1768 2793 1913 2882 totius
1937 2792 2172 2886 inferioris
2196 2825 2318 2915 pan,

492 2936 554 3026 tis
600 2936 850 3026 columnae
887 2933 1162 3026 vertebraiis
1200 2938 1489 3056 proiectione
1530 2966 1691 3054 reapse
1730 2936 1897 3056 grandi
1936 2951 2079 3058 atque
2110 2940 2300 3059 insigni,

495 3107 658 3168 caussa
676 3079 954 3187 continetur,
989 3110 1075 3172 our
1096 3081 1318 3171 introitus
1338 3081 1487 3199 pelvis
1509 3077 1627 3172 adeo
1664 3094 1928 3172 coarctatus
1956 3081 2028 3187 sit,
2061 3098 2115 3170 ut
2138 3066 2302 3202 suapte

490 3224 742 3342 exiguitate
778 3222 837 3312 ad
870 3237 1063 3343 partum
1094 3223 1417 3344 peragendum
1448 3224 1626 3314 nullius
1656 3225 1802 3342 possit
1831 3253 1925 3316 esse
1969 3255 2102 3334 usus„
2137 3257 2303 3346 quam·

491 3368 564 3456 ris
600 3368 723 3456 inter
758 3369 986 3486 parietem
1020 3369 1304 3458 anteriorem
1334 3366 1483 3486 pelvis
1515 3367 1909 3486 imminentesque
1952 3367 2189 3458 vertebras
2222 3399 2301 3486 pa·

491 3523 586 3602 teat
627 3512 978 3631 aliquantulum
1021 3512 1172 3628 spatii.
1247 3513 1318 3599 Ac
1357 3524 1468 3602 sunt
1509 3512 1776 3627 superstites
1815 3511 1924 3600 illae
1965 3509 2209 3602 distantiae
2252 3541 2303 3602 re

493 3683 606 3743 vera
636 3668 734 3744 tam
771 3683 958 3774 parvae,
989 3667 1167 3742 utnon
1198 3654 1377 3772 possint
1408 3682 1502 3742 non
1525 3683 1714 3744 summo
1746 3683 1931 3774 semper
1956 3654 2296 3775 impedimento

493 3796 712 3916 pariendi
750 3811 795 3886 et
828 3827 922 3887 esse
948 3811 993 3886 et
1028 3795 1209 3886 haberi.
1255 3792 1488 3886 Omnium
1520 3810 1678 3887 autem
1709 3799 1966 3888 minimum
1996 3800 2202 3918 spatium
2234 3802 2300 3891 in·

490 3941 682 4031 venitur
710 3943 833 4031 inter
867 3969 1115 4030 summum
1137 3942 1297 4030 locum
1325 3939 1628 4060 symphyseos
1655 3941 1831 4031 ossium
1861 3940 2003 4060 pubis
2034 3957 2079 4032 et
2109 3942 2295 4033 inferio-

489 4114 597 4174 rem
631 4083 871 4176 vertebrae
909 4082 1133 4174 lumbatis
1168 4081 1454 4173 secundae
1493 4083 1767 4202 marginem,
1814 4081 2132 4204 quiquidem
2168 4084 2300 4174 exad-

495 4255 683 4330 versum
713 4228 840 4317 hanc
871 4229 1024 4346 ipsam
1054 4229 1186 4317 iacet
1246 4223 1330 4315 Est
1358 4227 1484 4316 enim
1513 4225 1608 4314 hoc
1637 4227 1892 4344 spatiolum
1926 4229 1976 4312 1⁴¹
2007 4227 2098 4316 ttm
2123 4225 2294 4348 signifi·

492 4399 601 4460 cans
637 4373 782 4460 simul
812 4370 1031 4462 diametri
1064 4385 1217 4461 rectae
1246 4366 1635 4489 magnitudinem.

608 4512 735 4604 Vera
760 4529 919 4604 autem
947 4515 1194 4632 coniugata
1225 4528 1487 4633 propterea,
1516 4509 1648 4630 quod
1679 4511 1832 4629 paries
1865 4512 2072 4604 anterior
2102 4542 2292 4605 sursum

492 4656 629 4748 valde
664 4673 851 4748 evectus
880 4671 1020 4748 estet
1050 4657 1312 4775 elongatus,
1348 4653 1481 4746 haud
1515 4654 1724 4773 pauxillo
1761 4655 1915 4744 maior
1953 4656 2073 4744 facta
2116 4685 2298 4744 mensu-

492 4831 599 4890 ram
627 4831 740 4920 prae
777 4831 824 4890 se
858 4801 951 4892 fert
981 4800 1033 4889 4¹¹
1068 4800 1172 4890 tt⁴⁴⁴.

621 4942 867 5034 Postremo
905 4945 1272 5033 enumerationis
1304 4957 1488 5032 nostrae
1519 4942 1625 5028 loco
1658 4939 2074 5028 commemoranda
2107 4938 2295 5030 videtur

490 5089 641 5208 pelvis
670 5088 869 5177 minoris
904 5085 1201 5206 profunditas
1233 5085 1495 5174 admodum
1532 5083 1846 5190 comminuta,
1880 5085 2060 5203 quippe
2092 5086 2295 5203 quaein

486 5233 665 5350 pariete
696 5231 955 5349 posteriore
983 5259 1113 5338 non,
1133 5232 1203 5320 uti
1233 5257 1406 5318 norma
1440 5243 1528 5331 est,
1560 5221 1654 5324 Μ’
1686 5227 1746 5314 sit
1775 5225 1851 5314 vel
1885 5219 1979 5331 4³!st
2012 5227 2086 5324 ,vel
2120 5227 2183 5332 5‘⁴‚
2217 5225 2298 5316 sed

622 5385 657 5463 1.
705 5375 809 5462 loco
843 5375 1083 5482 latissimo,
1104 5375 1133 5461 i.
1162 5405 1199 5463 e.
1218 5375 1340 5466 inter
1368 5374 1529 5462 locum
1553 5367 1638 5460 ubi
1668 5365 1886 5460 vertebra
1905 5371 2095 5460 sacratis
2121 5384 2293 5488 quarta

483 5517 700 5635 iungitur
728 5545 841 5604 cum
872 5517 1037 5636 quinta
1069 5531 1114 5606 et
1143 5517 1405 5636 marginem
1439 5513 1810 5633 superiorem
1847 5510 2085 5604 vertebrae
2113 5508 2296 5600 lumba-

481 5659 547 5748 l'u
571 5661 766 5780 quintae
796 5659 1005 5750 multum
1037 5658 1278 5780 delapsae·
1299 5673 1523 5782 exaequet
1556 5657 1659 5756 tem..
