5226 7298
1279 1312 1351 1398 ῃ

412 1535 545 1641 cepta
573 1532 639 1609 est
662 1519 901 1637 sectioque
921 1545 1131 1607 caesarea
1158 1546 1243 1634 per
1261 1516 1504 1634 regionem
1533 1517 1682 1605 lineae
1703 1515 1838 1607 albae
1851 1521 2075 1610 uasututa.
2106 1517 2220 1611 Pro·

410 1677 562 1753 tracto
581 1661 749 1751 deinde
766 1661 946 1751 mfaute
965 1688 1063 1748 non
1084 1661 1185 1749 sine
1214 1689 1385 1778 magna
1414 1658 1698 1765 difficulate,
1719 1675 1893 1767 uterus,
1927 1663 2070 1752 modo
2089 1668 2218 1754 astri·

412 1821 527 1910 etus,
555 1807 711 1895 statim
753 1806 933 1892 laxatus
968 1801 1182 1923 adeoque
1214 1803 1449 1921 collapsus
1482 1817 1567 1908 est,
1599 1816 1653 1890 ut
1678 1803 1783 1892 eius
1810 1806 2039 1895 circuitus
2067 1823 2218 1897 cetera

411 1951 535 2040 inter
551 1953 727 2039 viscera
748 1978 842 2038 nou
859 1961 1045 2065 possent
1060 1944 1281 2061 dignosci.
1307 1943 1702 2047 ⁴Remotaautem
1726 1948 1950 2065 placenta,
1962 1963 2092 2038 tanta
2113 1949 2219 2043 hae·

412 2094 686 2212 murrhagia
711 2093 872 2198 extitit,
904 2105 957 2179 ut
981 2093 1168 2210 sanguis
1195 2122 1223 2179 e
1253 2090 1456 2180 sectione
1470 2091 1597 2178 uteri
1621 2105 1869 2210 tamquam
1898 2123 1925 2181 c
1953 2121 2220 2212 compressa

412 2238 574 2356 aliqua
608 2237 802 2354 spongia
833 2235 1187 2351 sauguinolenta
1218 2232 1484 2350 proflueret.
1546 2228 1643 2320 Ubi
1679 2262 1792 2323 vcro
1820 2236 2062 2353 copiosam
2092 2238 2218 2329 hauc

411 2380 732 2498 profusionem
771 2376 960 2466 tandem
999 2378 1289 2495 compescuit
1326 2377 1577 2464 continuus
1608 2377 1736 2495 large
1774 2379 2021 2496 impositae
2052 2381 2215 2497 glaciei

410 2550 545 2629 usus,
576 2523 712 2611 solita
751 2520 1035 2640 applicanda
1067 2522 1167 2609 visa
1200 2535 1266 2607 est
1303 2521 1534 2609 vinctura.
1594 2516 1731 2609 Brevi
1765 2537 1925 2611 autem
1974 2537 2216 2640 postcom

411 2670 620 2756 vomitus
671 2670 883 2756 existeret
935 2664 1396 2768 vehementissimus,
1443 2694 1502 2751 ue
1553 2678 1719 2752 sutura
1772 2681 2095 2782 rumperetur,
2154 2667 2217 2755 fa-

409 2813 507 2900 scia
548 2806 861 2897 abdominalis
897 2806 1034 2896 valde
1073 2808 1261 2895 astricta
1300 2822 1387 2895 est:
1425 2836 1548 2930 quae
1585 2809 1742 2896 cautio
1776 2821 2016 2926 speratum
2055 2838 2215 2901 secum

411 2949 545 3056 duxit
576 2965 809 3055 eventum,
847 2948 995 3038 donec
1032 2962 1155 3039 sexta
1185 2948 1305 3036 hora
1335 2962 1441 3066 post
1471 2964 1568 3038 tam
1607 2949 1766 3039 subito
1803 2952 2040 3069 sanguinis
2081 2953 2217 3068 copia

410 3120 497 3212 per
533 3095 724 3188 fasciam
750 3095 996 3212 prorupit,
1038 3108 1093 3180 ut
1135 3083 1418 3211 priusquam
1464 3092 1584 3180 solvi
1615 3092 1732 3180 haec
1769 3106 1942 3210 posset,
1982 3123 2249 3210 puerpera¹

410 3238 512 3356 ipsa
545 3236 726 3326 cederet
756 3269 781 3325 e
811 3240 916 3324 vita.
937 3252 1134 3355 propter
1164 3237 1361 3323 nimiam
1395 3238 1632 3355 sauguinis
1662 3238 1907 3325 iacturam.

529 3375 781 3468 Cadaveris
818 3381 1021 3468 sectione
1059 3376 1168 3467 dein
1212 3380 1446 3483 instituta,
1487 3380 1537 3465 iu
1578 3408 1694 3467 caro
1738 3378 2005 3469 abdominis
2041 3411 2214 3497 ‚magua

406 3525 543 3642 copia
580 3525 817 3642 sanguinis
848 3522 1061 3611 dissoluti
1093 3525 1282 3610 inventa
1314 3537 1380 3611 est
1408 3524 1630 3641 uterique
1659 3538 1786 3611 tanta
1820 3552 1916 3611 sese
1949 3523 2122 3612 obtulit
2149 3528 2216 3613 la-

404 3668 550 3772 xatio,
587 3670 862 3756 utineam
905 3665 1119 3754 adhibita
1151 3680 1250 3754 arte
1289 3681 1526 3755 extentum
1567 3681 1782 3754 maturus
1825 3668 1944 3753 fetus
1989 3670 2213 3784 potuisset

405 3838 570 3899 rursus
600 3808 776 3898 induci.
813 3807 1032 3928 Reliquis
1064 3807 1285 3899 omnibus
1323 3806 1508 3924 organis
1539 3838 1726 3899 somma
1758 3809 1969 3895 anaemia
2002 3838 2213 3899 commu-

405 3954 479 4043 nis
517 3955 620 4041 fuit.
692 3951 888 4041 Infantis
923 3967 1037 4040 tunc
1079 3947 1147 4060 6¹12
1187 3951 1347 4070 pondo
1386 3953 1615 4041 civilium
1647 3954 1849 4071 gravitas
1895 3953 2083 4039 inventa
2135 3968 2212 4040 est.

406 4089 593 4185 Pelrim
620 4094 970 4216 diligentissime
991 4111 1319 4215 praeparatam
1340 4125 1367 4183 a
1390 4094 1618 4189 vertebris
1637 4110 1681 4186 et
1701 4092 1994 4183 lumbalihus
2015 4110 2059 4183 et
2085 4094 2210 4185 dorsi

408 4253 454 4327 et
484 4238 593 4326 colli
624 4267 716 4326 non
745 4240 1057 4328 seiunxerunt.
1118 4237 1232 4328 Eius
1257 4255 1528 4329 accuratam
1557 4237 1917 4356 descriptionem
1943 4239 2024 4325 hic
2050 4268 2213 4326 sumus

402 4382 709 4503 proposituri.

1043 4621 1089 4711 b.
1120 4620 1275 4712 Pelvis
1308 4586 1573 4741 descriptio.

524 4802 659 4919 Quae
691 4821 796 4894 ante
827 4809 988 4898 oculos
1019 4807 1157 4899 uobis
1187 4825 1252 4899 cst
1282 4811 1446 4929 pelvis,
1477 4809 1655 4929 optime
1692 4808 1886 4931 quidem
1921 4813 2000 4899 illa
2033 4840 2211 4898 conser-

402 4964 529 5059 vata,
555 4952 715 5069 primo
745 4947 954 5057 {contutu
986 4981 1082 5043 sese
1131 4949 1265 5043 offert
1312 4952 1537 5042 normalis
1593 4953 1978 5043 conformationis
2023 4955 2207 5072 regulas

527 5230 638 5311 formo,
663 5236 852 5313 quantumvis
873 5236 912 5296 sit
933 5235 1008 5298 alias
1032 5235 1239 5316 gratissimum
1262 5254 1299 5298 ac
1321 5237 1428 5295 summi
1452 5235 1575 5297 omnino
1601 5235 1785 5314 habendum,
1810 5236 1982 5297 abstineant
2005 5238 2035 5296 in
2060 5237 2200 5298 sectione

530 5358 690 5419 caesarea,
704 5342 796 5422 idque
808 5360 844 5404 eo
860 5345 1047 5424 magis,=quo
1067 5343 1202 5403 minores
1216 5344 1294 5422 apud
1305 5361 1418 5406 omnes
1433 5351 1553 5407 constat
1564 5364 1631 5407 eam
1651 5346 1788 5408 comitari
1806 5346 1938 5407 dolores.
1972 5345 2008 5406 Et
2032 5345 2062 5406 hi
2083 5346 2205 5425 quidem

531 5447 621 5510 etiam
643 5449 669 5508 si
691 5455 796 5509 essent
817 5452 949 5514 maiores
973 5458 1004 5513 et
1021 5451 1072 5514 illa
1093 5470 1171 5533 quae
1191 5470 1282 5534 supra
1304 5459 1473 5518 memorata
1492 5460 1562 5517 sunt
1582 5457 1751 5535 negarique
1773 5462 1927 5535 nequeunt
1942 5455 2020 5515 mala
2044 5460 2205 5517 consecta-

528 5561 635 5619 rentur
663 5557 840 5619 rarissime:
891 5566 992 5622 tamen
1027 5561 1150 5622 minime
1187 5561 1276 5623 uobis
1312 5561 1440 5641 probata
1472 5580 1542 5625 esse
1582 5570 1687 5644 posset
1717 5565 1766 5625 via
1802 5563 1923 5641 aliqua,
1956 5580 2033 5645 quae
2063 5581 2129 5623 curn
2165 5565 2204 5625 ad

528 5664 861 5731 leniendamuotorm
885 5669 1111 5733 vehementiam
1131 5677 1275 5752 usurpata
1300 5670 1408 5733 decem
1432 5671 1566 5732 sortasse
1591 5669 1712 5733 leminis
1735 5671 1848 5734 nullum
1871 5670 2035 5750 periculum
2060 5672 2202 5750 attulerit,

526 5769 709 5835 undecimae
729 5774 822 5834 vitam
845 5774 875 5834 in
898 5792 1045 5837 summurn
1072 5776 1238 5841 discrimen
1262 5778 1430 5841 adductura
1453 5783 1509 5840 est.
1554 5780 1655 5852 Quare
1676 5779 1766 5843 doleo
1789 5797 1974 5860 saueqnam,
2001 5779 2082 5859 quod
2104 5780 2201 5842 bonus

529 5879 580 5941 ltic
601 5877 664 5942 illio
692 5900 779 5962 quern
801 5883 899 5945 sectio
931 5902 1079 5949 caesarea
1102 5885 1242 5949 habuerit
1262 5894 1406 5966 eventus,
1431 5886 1630 5950 chloroformi
1653 5890 1722 5951 usui
1751 5892 1850 5969 potius
1875 5907 1963 5971 quam
1984 5891 2052 5952 aliis
2081 5887 2203 5950 aliunde

529 5984 670 6068 petendis
692 5990 809 6052 caussis
832 5990 938 6053 deberi
961 5997 1091 6072 putatur.
